202699164,311.00000000,0.06700000,20.83700000,1680652804344,False,True
202699165,311.00000000,0.82000000,255.02000000,1680652804678,False,True
202699166,310.90000000,0.08900000,27.67010000,1680652805704,True,True
202699167,310.90000000,0.13800000,42.90420000,1680652805708,True,True
202699168,310.90000000,0.09300000,28.91370000,1680652805710,True,True
202699169,311.00000000,0.68400000,212.72400000,1680652805901,False,True
202699170,311.00000000,1.12000000,348.32000000,1680652809541,False,True
202699171,310.90000000,1.04900000,326.13410000,1680652811564,True,True
202699172,310.90000000,1.99800000,621.17820000,1680652811564,True,True
202699173,310.90000000,0.08000000,24.87200000,1680652811564,True,True
202699174,310.90000000,7.23600000,2249.67240000,1680652811564,True,True
202699175,310.90000000,3.21300000,998.92170000,1680652811564,True,True
202699176,310.90000000,3.03200000,942.64880000,1680652811564,True,True
202699177,310.90000000,0.76200000,236.90580000,1680652811564,True,True
202699178,310.90000000,0.65100000,202.39590000,1680652811564,True,True
202699179,310.90000000,0.00900000,2.79810000,1680652811564,True,True
202699180,310.80000000,0.16000000,49.72800000,1680652811564,True,True
202699181,310.80000000,0.96500000,299.92200000,1680652811564,True,True
202699182,310.80000000,7.26300000,2257.34040000,1680652811564,True,True
202699183,310.80000000,5.62200000,1747.31760000,1680652811570,True,True
202699184,310.80000000,0.63900000,198.60120000,1680652811570,True,True
202699185,310.80000000,0.43300000,134.57640000,1680652811570,True,True
202699186,310.80000000,0.22800000,70.86240000,1680652811570,True,True
202699187,310.80000000,1.14400000,355.55520000,1680652811570,True,True
202699188,310.80000000,1.14900000,357.10920000,1680652811570,True,True
202699189,310.80000000,1.16400000,361.77120000,1680652811570,True,True
202699190,310.80000000,0.12800000,39.78240000,1680652811570,True,True
202699191,310.80000000,0.50000000,155.40000000,1680652811570,True,True
202699192,310.80000000,1.81100000,562.85880000,1680652811570,True,True
202699193,310.80000000,3.94600000,1226.41680000,1680652811570,True,True
202699194,310.70000000,0.38500000,119.61950000,1680652811583,True,True
202699195,310.70000000,0.84400000,262.23080000,1680652811583,True,True
202699196,310.70000000,1.25500000,389.92850000,1680652811583,True,True
202699197,310.70000000,1.04900000,325.92430000,1680652811583,True,True
202699198,310.70000000,1.13400000,352.33380000,1680652811583,True,True
202699199,310.70000000,1.44500000,448.96150000,1680652811583,True,True
202699200,310.70000000,3.01900000,938.00330000,1680652811583,True,True
202699201,310.70000000,1.13300000,352.02310000,1680652811583,True,True
202699202,310.70000000,1.17900000,366.31530000,1680652811583,True,True
202699203,310.70000000,0.30000000,93.21000000,1680652811583,True,True
202699204,310.70000000,1.46200000,454.24340000,1680652811583,True,True
202699205,310.70000000,3.86300000,1200.23410000,1680652811586,True,True
202699206,310.70000000,6.79500000,2111.20650000,1680652811612,True,True
202699207,310.70000000,6.40500000,1990.03350000,1680652811612,True,True
202699208,310.70000000,13.20900000,4104.03630000,1680652811618,True,True
202699209,310.80000000,5.69200000,1769.07360000,1680652812326,False,True
202699210,310.80000000,0.85600000,266.04480000,1680652812326,False,True
202699211,310.80000000,0.85600000,266.04480000,1680652812326,False,True
202699212,310.80000000,0.85600000,266.04480000,1680652812326,False,True
202699213,310.80000000,0.66200000,205.74960000,1680652812326,False,True
202699214,310.80000000,0.00100000,0.31080000,1680652815155,False,True
202699215,310.80000000,3.89100000,1209.32280000,1680652815155,False,True
202699216,310.80000000,0.60700000,188.65560000,1680652821754,True,True
202699217,310.90000000,0.15500000,48.18950000,1680652824196,False,True
202699218,310.80000000,0.25700000,79.87560000,1680652825325,True,True
202699219,310.80000000,0.06400000,19.89120000,1680652825327,True,True
202699220,310.80000000,0.73100000,227.19480000,1680652825375,True,True
202699221,310.80000000,0.58100000,180.57480000,1680652827450,True,True
202699222,310.90000000,0.29600000,92.02640000,1680652829244,False,True
202699223,310.90000000,0.02000000,6.21800000,1680652829460,False,True
202699224,310.90000000,1.70600000,530.39540000,1680652830655,False,True
202699225,310.90000000,1.24200000,386.13780000,1680652830655,False,True
202699226,310.90000000,1.19000000,369.97100000,1680652830655,False,True
202699227,310.90000000,3.09500000,962.23550000,1680652830655,False,True
202699228,310.90000000,1.16400000,361.88760000,1680652830655,False,True
202699229,310.90000000,4.08300000,1269.40470000,1680652830655,False,True
202699230,310.90000000,0.63200000,196.48880000,1680652830655,False,True
202699231,310.90000000,8.68400000,2699.85560000,1680652830655,False,True
202699232,310.90000000,0.85800000,266.75220000,1680652830655,False,True
202699233,310.90000000,0.41500000,129.02350000,1680652830655,False,True
202699234,310.90000000,0.15800000,49.12220000,1680652838404,False,True
202699235,310.90000000,0.42100000,130.88890000,1680652845943,False,True
202699236,310.80000000,0.08600000,26.72880000,1680652846143,True,True
202699237,310.90000000,0.14100000,43.83690000,1680652849844,False,True
202699238,310.80000000,0.08300000,25.79640000,1680652851561,True,True
202699239,310.80000000,0.05200000,16.16160000,1680652855347,True,True
202699240,310.80000000,3.23500000,1005.43800000,1680652860075,True,True
202699241,310.80000000,0.39900000,124.00920000,1680652860075,True,True
202699242,310.80000000,0.19100000,59.36280000,1680652860077,True,True
202699243,310.80000000,0.92700000,288.11160000,1680652860723,True,True
202699244,310.90000000,0.02100000,6.52890000,1680652862471,False,True
202699245,310.80000000,0.17100000,53.14680000,1680652863214,True,True
202699246,310.80000000,0.11500000,35.74200000,1680652863215,True,True
202699247,310.80000000,0.25700000,79.87560000,1680652863866,True,True
202699248,310.80000000,0.06400000,19.89120000,1680652863868,True,True
202699249,310.80000000,0.25700000,79.87560000,1680652864386,True,True
202699250,310.80000000,0.06400000,19.89120000,1680652864387,True,True
202699251,310.80000000,0.42500000,132.09000000,1680652870930,True,True
202699252,310.80000000,0.87200000,271.01760000,1680652874453,True,True
202699253,310.80000000,0.09600000,29.83680000,1680652874455,True,True
202699254,310.80000000,0.21700000,67.44360000,1680652878995,True,True
202699255,310.80000000,0.18400000,57.18720000,1680652881427,True,True
202699256,310.80000000,0.12400000,38.53920000,1680652881429,True,True
202699257,310.80000000,0.25700000,79.87560000,1680652884934,True,True
202699258,310.80000000,0.06400000,19.89120000,1680652884936,True,True
202699259,310.80000000,0.07400000,22.99920000,1680652884947,True,True
202699260,310.80000000,0.25700000,79.87560000,1680652884971,True,True
202699261,310.80000000,0.06400000,19.89120000,1680652884973,True,True
202699262,310.90000000,0.11700000,36.37530000,1680652889951,False,True
202699263,310.80000000,1.90300000,591.45240000,1680652891898,True,True
202699264,310.80000000,3.86800000,1202.17440000,1680652891898,True,True
202699265,310.80000000,2.04100000,634.34280000,1680652891898,True,True
202699266,310.80000000,4.70500000,1462.31400000,1680652903329,True,True
202699267,310.80000000,0.19400000,60.29520000,1680652903796,True,True
202699268,310.80000000,0.06300000,19.58040000,1680652903796,True,True
202699269,310.80000000,0.06400000,19.89120000,1680652903798,True,True
202699270,310.80000000,0.25700000,79.87560000,1680652906154,True,True
202699271,310.80000000,0.06400000,19.89120000,1680652906156,True,True
202699272,310.80000000,0.25700000,79.87560000,1680652906169,True,True
202699273,310.80000000,0.06400000,19.89120000,1680652906171,True,True
202699274,310.90000000,0.04800000,14.92320000,1680652908438,False,True
202699275,310.90000000,0.05000000,15.54500000,1680652917861,False,True
202699276,310.80000000,1.44400000,448.79520000,1680652918535,True,True
202699277,310.80000000,0.16300000,50.66040000,1680652924742,True,True
202699278,310.80000000,0.10900000,33.87720000,1680652924743,True,True
202699279,310.80000000,0.61000000,189.58800000,1680652930221,True,True
202699280,310.80000000,1.05400000,327.58320000,1680652934299,True,True
202699281,310.80000000,1.87500000,582.75000000,1680652934300,True,True
202699282,310.80000000,0.11700000,36.36360000,1680652934301,True,True
202699283,310.80000000,0.09900000,30.76920000,1680652934302,True,True
202699284,310.80000000,0.22200000,68.99760000,1680652939044,True,True
202699285,310.80000000,0.03500000,10.87800000,1680652939044,True,True
202699286,310.80000000,0.06400000,19.89120000,1680652939046,True,True
202699287,310.80000000,1.09500000,340.32600000,1680652952891,False,True
202699288,310.80000000,0.06200000,19.26960000,1680652958058,False,True
202699289,310.80000000,0.14100000,43.82280000,1680652962890,False,True
202699290,310.80000000,0.19900000,61.84920000,1680652964014,False,True
202699291,310.80000000,0.15100000,46.93080000,1680652964569,False,True
202699292,310.80000000,0.55000000,170.94000000,1680652972970,False,True
202699293,310.70000000,0.06700000,20.81690000,1680652993578,True,True
202699294,310.80000000,3.49600000,1086.55680000,1680652994270,False,True
202699295,310.80000000,3.86800000,1202.17440000,1680652994270,False,True
202699296,310.80000000,3.38400000,1051.74720000,1680652994270,False,True
202699297,310.80000000,0.57800000,179.64240000,1680652994270,False,True
202699298,310.80000000,0.06300000,19.58040000,1680652994270,False,True
202699299,310.80000000,0.14700000,45.68760000,1680653002626,True,True
202699300,310.80000000,0.06400000,19.89120000,1680653002626,True,True
202699301,310.80000000,1.57700000,490.13160000,1680653004714,True,True
202699302,310.90000000,0.14100000,43.83690000,1680653006247,False,True
202699303,310.80000000,1.57700000,490.13160000,1680653007559,True,True
202699304,310.80000000,0.25700000,79.87560000,1680653008587,True,True
202699305,310.80000000,0.06400000,19.89120000,1680653008589,True,True
202699306,310.90000000,0.69400000,215.76460000,1680653021868,False,True
202699307,310.90000000,0.14100000,43.83690000,1680653023660,False,True
202699308,310.90000000,0.10300000,32.02270000,1680653027159,False,True
202699309,310.90000000,0.15500000,48.18950000,1680653031297,False,True
202699310,310.80000000,0.25700000,79.87560000,1680653044017,True,True
202699311,310.80000000,0.06400000,19.89120000,1680653044022,True,True
202699312,310.80000000,0.70700000,219.73560000,1680653045247,True,True
202699313,310.90000000,0.04700000,14.61230000,1680653065550,False,True
202699314,310.80000000,0.31000000,96.34800000,1680653071959,True,True
202699315,310.80000000,2.41300000,749.96040000,1680653098329,False,True
202699316,310.80000000,0.15000000,46.62000000,1680653101594,False,True
202699317,310.80000000,0.04100000,12.74280000,1680653105757,False,True
202699318,310.80000000,0.29600000,91.99680000,1680653116266,False,True
202699319,310.80000000,0.03100000,9.63480000,1680653125158,False,True
202699320,310.80000000,0.03300000,10.25640000,1680653125158,False,True
202699321,310.70000000,0.25700000,79.84990000,1680653132592,True,True
202699322,310.70000000,0.06400000,19.88480000,1680653132594,True,True
202699323,310.70000000,0.25700000,79.84990000,1680653133071,True,True
202699324,310.70000000,0.06400000,19.88480000,1680653133073,True,True
202699325,310.70000000,0.17600000,54.68320000,1680653134264,True,True
202699326,310.80000000,0.05900000,18.33720000,1680653140224,False,True
202699327,310.80000000,0.90400000,280.96320000,1680653140508,False,True
202699328,310.80000000,0.30900000,96.03720000,1680653141954,False,True
202699329,310.70000000,0.70200000,218.11140000,1680653145978,True,True
202699330,310.70000000,0.21700000,67.42190000,1680653147359,True,True
202699331,310.70000000,0.42500000,132.04750000,1680653147359,True,True
202699332,310.80000000,0.32200000,100.07760000,1680653147517,False,True
202699333,310.80000000,0.16000000,49.72800000,1680653160487,False,True
202699334,310.80000000,0.55600000,172.80480000,1680653161090,False,True
202699335,310.80000000,0.04300000,13.36440000,1680653168969,False,True
202699336,310.70000000,0.18000000,55.92600000,1680653181673,True,True
202699337,310.80000000,0.03200000,9.94560000,1680653186866,False,True
202699338,310.70000000,0.15100000,46.91570000,1680653195536,True,True
202699339,310.80000000,0.16000000,49.72800000,1680653201805,False,True
202699340,310.70000000,1.06600000,331.20620000,1680653208440,True,True
202699341,310.70000000,0.23900000,74.25730000,1680653208440,True,True
202699342,310.80000000,0.59200000,183.99360000,1680653209660,False,True
202699343,310.80000000,0.16000000,49.72800000,1680653211764,False,True
202699344,310.70000000,1.00200000,311.32140000,1680653217248,True,True
202699345,310.70000000,0.05800000,18.02060000,1680653217248,True,True
202699346,310.80000000,0.18900000,58.74120000,1680653217706,False,True
202699347,310.80000000,2.17500000,675.99000000,1680653217710,False,True
202699348,310.80000000,3.38400000,1051.74720000,1680653217710,False,True
202699349,310.80000000,0.34600000,107.53680000,1680653217710,False,True
202699350,310.80000000,0.07200000,22.37760000,1680653217710,False,True
202699351,310.80000000,3.33200000,1035.58560000,1680653217710,False,True
202699352,310.80000000,0.00800000,2.48640000,1680653217927,False,True
202699353,310.90000000,0.95500000,296.90950000,1680653220208,False,True
202699354,310.80000000,0.05000000,15.54000000,1680653220385,True,True
202699355,310.90000000,1.17300000,364.68570000,1680653221757,False,True
202699356,310.90000000,0.82500000,256.49250000,1680653221757,False,True
202699357,310.90000000,0.90500000,281.36450000,1680653222310,False,True
202699358,310.80000000,0.55500000,172.49400000,1680653222682,True,True
202699359,310.80000000,0.08800000,27.35040000,1680653222682,True,True
202699360,310.90000000,0.16900000,52.54210000,1680653224743,False,True
202699361,310.90000000,0.30300000,94.20270000,1680653238145,False,True
202699362,310.90000000,0.31000000,96.37900000,1680653246756,False,True
202699363,310.90000000,0.03300000,10.25970000,1680653252733,False,True
202699364,310.90000000,0.45000000,139.90500000,1680653265381,False,True
202699365,310.80000000,0.04400000,13.67520000,1680653267684,True,True
202699366,310.90000000,0.03400000,10.57060000,1680653274579,False,True
202699367,310.80000000,1.04800000,325.71840000,1680653291879,True,True
202699368,310.90000000,0.15400000,47.87860000,1680653299079,False,True
202699369,310.80000000,0.18800000,58.43040000,1680653299097,True,True
202699370,310.80000000,0.12500000,38.85000000,1680653299100,True,True
202699371,310.80000000,0.15600000,48.48480000,1680653299168,True,True
202699372,310.80000000,0.10400000,32.32320000,1680653299170,True,True
202699373,310.80000000,0.25700000,79.87560000,1680653299268,True,True
202699374,310.80000000,0.06400000,19.89120000,1680653299269,True,True
202699375,310.80000000,0.25700000,79.87560000,1680653299283,True,True
202699376,310.80000000,0.06400000,19.89120000,1680653299285,True,True
202699377,310.80000000,0.33700000,104.73960000,1680653304119,True,True
202699378,310.80000000,0.08500000,26.41800000,1680653304120,True,True
202699379,310.80000000,0.56700000,176.22360000,1680653304435,True,True
202699380,310.80000000,0.68100000,211.65480000,1680653304435,True,True
202699381,310.80000000,0.25000000,77.70000000,1680653304735,True,True
202699382,310.80000000,0.05000000,15.54000000,1680653305035,True,True
202699383,310.80000000,0.22000000,68.37600000,1680653305272,True,True
202699384,310.80000000,0.07000000,21.75600000,1680653305281,True,True
202699385,310.80000000,0.46300000,143.90040000,1680653307675,True,True
202699386,310.80000000,2.13400000,663.24720000,1680653308441,True,True
202699387,310.80000000,3.38400000,1051.74720000,1680653308441,True,True
202699388,310.80000000,0.65100000,202.33080000,1680653308441,True,True
202699389,310.80000000,0.03500000,10.87800000,1680653308441,True,True
202699390,310.80000000,0.07000000,21.75600000,1680653309917,False,True
202699391,310.80000000,0.38900000,120.90120000,1680653311307,False,True
202699392,310.80000000,0.14100000,43.82280000,1680653318763,False,True
202699393,310.70000000,0.53100000,164.98170000,1680653319023,True,True
202699394,310.80000000,0.32000000,99.45600000,1680653325010,False,True
202699395,310.80000000,0.09500000,29.52600000,1680653360323,False,True
202699396,310.70000000,0.25700000,79.84990000,1680653368942,True,True
202699397,310.70000000,0.06400000,19.88480000,1680653368944,True,True
202699398,310.70000000,0.31600000,98.18120000,1680653375588,True,True
202699399,310.70000000,3.52900000,1096.46030000,1680653375588,True,True
202699400,310.70000000,0.65100000,202.26570000,1680653375588,True,True
202699401,310.70000000,0.53700000,166.84590000,1680653375631,False,True
202699402,310.70000000,2.84800000,884.87360000,1680653378188,False,True
202699403,310.70000000,8.63500000,2682.89450000,1680653378188,False,True
202699404,310.70000000,2.93400000,911.59380000,1680653378188,False,True
202699405,310.70000000,3.18700000,990.20090000,1680653378188,False,True
202699406,310.70000000,2.93100000,910.66170000,1680653378188,False,True
202699407,310.70000000,0.61000000,189.52700000,1680653378188,False,True
202699408,310.70000000,10.19300000,3166.96510000,1680653378188,False,True
202699409,310.70000000,2.59000000,804.71300000,1680653381265,False,True
202699410,310.70000000,7.70000000,2392.39000000,1680653381265,False,True
202699411,310.70000000,8.62100000,2678.54470000,1680653381265,False,True
202699412,310.70000000,0.06000000,18.64200000,1680653383669,False,True
202699413,310.70000000,11.77300000,3657.87110000,1680653384284,False,True
202699414,310.70000000,7.44300000,2312.54010000,1680653384284,False,True
202699415,310.70000000,0.06000000,18.64200000,1680653384284,False,True
202699416,310.70000000,2.04000000,633.82800000,1680653384284,False,True
202699417,310.70000000,6.14100000,1908.00870000,1680653384284,False,True
202699418,310.70000000,2.07900000,645.94530000,1680653384284,False,True
202699419,310.80000000,2.93100000,910.95480000,1680653384284,False,True
202699420,310.80000000,3.18700000,990.51960000,1680653384284,False,True
202699421,310.80000000,2.89800000,900.69840000,1680653384284,False,True
202699422,310.70000000,0.06400000,19.88480000,1680653389619,True,True
202699423,310.70000000,0.25700000,79.84990000,1680653391267,True,True
202699424,310.70000000,0.06400000,19.88480000,1680653391269,True,True
202699425,310.80000000,0.06500000,20.20200000,1680653392456,False,True
202699426,310.70000000,2.09900000,652.15930000,1680653396490,True,True
202699427,310.70000000,3.21400000,998.58980000,1680653400017,True,True
202699428,310.70000000,0.03800000,11.80660000,1680653400017,True,True
202699429,310.70000000,0.06800000,21.12760000,1680653400017,True,True
202699430,310.70000000,0.03800000,11.80660000,1680653403409,True,True
202699431,310.70000000,2.37500000,737.91250000,1680653403734,True,True
202699432,310.70000000,0.50000000,155.35000000,1680653403734,True,True
202699433,310.70000000,0.62500000,194.18750000,1680653403734,True,True
202699434,310.70000000,2.93600000,912.21520000,1680653405205,False,True
202699435,310.70000000,2.93800000,912.83660000,1680653405205,False,True
202699436,310.70000000,14.48800000,4501.42160000,1680653405205,False,True
202699437,310.70000000,3.86800000,1201.78760000,1680653405205,False,True
202699438,310.70000000,3.38400000,1051.40880000,1680653405205,False,True
202699439,310.70000000,3.38400000,1051.40880000,1680653405205,False,True
202699440,310.70000000,5.61700000,1745.20190000,1680653405205,False,True
202699441,310.70000000,0.85600000,265.95920000,1680653405205,False,True
202699442,310.70000000,0.85600000,265.95920000,1680653405205,False,True
202699443,310.70000000,0.85600000,265.95920000,1680653405205,False,True
202699444,310.70000000,1.15700000,359.47990000,1680653405205,False,True
202699445,310.70000000,0.85600000,265.95920000,1680653405205,False,True
202699446,310.70000000,0.85600000,265.95920000,1680653405205,False,True
202699447,310.70000000,1.93200000,600.27240000,1680653405205,False,True
202699448,310.70000000,3.72200000,1156.42540000,1680653405205,False,True
202699449,310.70000000,0.58400000,181.44880000,1680653405205,False,True
202699450,310.70000000,1.18200000,367.24740000,1680653408236,False,True
202699451,310.70000000,1.12600000,349.84820000,1680653408236,False,True
202699452,310.70000000,1.45800000,453.00060000,1680653408236,False,True
202699453,310.70000000,4.69000000,1457.18300000,1680653408236,False,True
202699454,310.70000000,0.98500000,306.03950000,1680653408236,False,True
202699455,310.70000000,1.44800000,449.89360000,1680653408236,False,True
202699456,310.70000000,1.99600000,620.15720000,1680653408236,False,True
202699457,310.70000000,3.49500000,1085.89650000,1680653408236,False,True
202699458,310.70000000,1.19500000,371.28650000,1680653408236,False,True
202699459,310.70000000,0.27200000,84.51040000,1680653408236,False,True
202699460,310.60000000,0.25600000,79.51360000,1680653410456,True,True
202699461,310.60000000,0.06400000,19.87840000,1680653410458,True,True
202699462,310.60000000,0.08100000,25.15860000,1680653410479,True,True
202699463,310.60000000,0.19900000,61.80940000,1680653415423,True,True
202699464,310.60000000,0.05200000,16.15120000,1680653415423,True,True
202699465,310.60000000,0.00600000,1.86360000,1680653415423,True,True
202699466,310.60000000,0.06400000,19.87840000,1680653415425,True,True
202699467,310.60000000,0.08100000,25.15860000,1680653415435,True,True
202699468,310.70000000,0.37000000,114.95900000,1680653427924,False,True
202699469,310.70000000,0.08100000,25.16670000,1680653429300,False,True
202699470,310.60000000,0.04900000,15.21940000,1680653440180,True,True
202699471,310.60000000,0.03200000,9.93920000,1680653440180,True,True
202699472,310.70000000,0.60100000,186.73070000,1680653444238,False,True
202699473,310.60000000,0.06800000,21.12080000,1680653444709,True,True
202699474,310.60000000,0.03200000,9.93920000,1680653444709,True,True
202699475,310.60000000,0.02900000,9.00740000,1680653444904,True,True
202699476,310.60000000,0.04100000,12.73460000,1680653444904,True,True
202699477,310.60000000,0.03400000,10.56040000,1680653444904,True,True
202699478,310.60000000,0.00600000,1.86360000,1680653444904,True,True
202699479,310.60000000,0.06300000,19.56780000,1680653445334,True,True
202699480,310.60000000,0.16700000,51.87020000,1680653445334,True,True
202699481,310.60000000,0.19100000,59.32460000,1680653447115,True,True
202699482,310.60000000,0.30000000,93.18000000,1680653447115,True,True
202699483,310.60000000,0.22800000,70.81680000,1680653447115,True,True
202699484,310.60000000,0.43300000,134.48980000,1680653447115,True,True
202699485,310.60000000,0.50000000,155.30000000,1680653447115,True,True
202699486,310.60000000,1.76000000,546.65600000,1680653447115,True,True
202699487,310.50000000,0.03500000,10.86750000,1680653447116,True,True
202699488,310.50000000,0.03600000,11.17800000,1680653447116,True,True
202699489,310.50000000,0.02900000,9.00450000,1680653447116,True,True
202699490,310.50000000,0.14400000,44.71200000,1680653447116,True,True
202699491,310.50000000,0.03600000,11.17800000,1680653447116,True,True
202699492,310.50000000,0.05400000,16.76700000,1680653447116,True,True
202699493,310.50000000,0.03400000,10.55700000,1680653447116,True,True
202699494,310.50000000,0.15500000,48.12750000,1680653447116,True,True
202699495,310.50000000,0.20000000,62.10000000,1680653447116,True,True
202699496,310.50000000,1.00000000,310.50000000,1680653447116,True,True
202699497,310.50000000,0.07700000,23.90850000,1680653447116,True,True
202699498,310.50000000,0.03900000,12.10950000,1680653447116,True,True
202699499,310.50000000,0.03800000,11.79900000,1680653447116,True,True
202699500,310.50000000,0.05700000,17.69850000,1680653447116,True,True
202699501,310.50000000,0.91300000,283.48650000,1680653447116,True,True
202699502,310.50000000,0.12000000,37.26000000,1680653447116,True,True
202699503,310.60000000,0.35400000,109.95240000,1680653447129,False,True
202699504,310.60000000,0.07500000,23.29500000,1680653448121,False,True
202699505,310.50000000,0.18800000,58.37400000,1680653448633,True,True
202699506,310.50000000,0.10600000,32.91300000,1680653448633,True,True
202699507,310.50000000,0.06900000,21.42450000,1680653448683,True,True
202699508,310.50000000,0.09300000,28.87650000,1680653448683,True,True
202699509,310.60000000,0.42900000,133.24740000,1680653449008,False,True
202699510,310.60000000,0.53500000,166.17100000,1680653449008,False,True
202699511,310.60000000,0.85600000,265.87360000,1680653449008,False,True
202699512,310.60000000,0.85600000,265.87360000,1680653449008,False,True
202699513,310.60000000,0.42800000,132.93680000,1680653449008,False,True
202699514,310.60000000,3.90800000,1213.82480000,1680653449008,False,True
202699515,310.60000000,4.09000000,1270.35400000,1680653450241,False,True
202699516,310.60000000,1.46800000,455.96080000,1680653450241,False,True
202699517,310.60000000,2.25000000,698.85000000,1680653450241,False,True
202699518,310.60000000,1.45400000,451.61240000,1680653450241,False,True
202699519,310.60000000,0.87800000,272.70680000,1680653450241,False,True
202699520,310.60000000,0.89300000,277.36580000,1680653450241,False,True
202699521,310.60000000,0.21000000,65.22600000,1680653450248,True,True
202699522,310.60000000,0.07000000,21.74200000,1680653450251,True,True
202699523,310.60000000,0.31500000,97.83900000,1680653450273,True,True
202699524,310.60000000,0.10000000,31.06000000,1680653450286,True,True
202699525,310.60000000,0.18000000,55.90800000,1680653450287,True,True
202699526,310.70000000,3.03800000,943.90660000,1680653450404,False,True
202699527,310.70000000,1.85300000,575.72710000,1680653450404,False,True
202699528,310.70000000,1.58000000,490.90600000,1680653450404,False,True
202699529,310.60000000,0.08100000,25.15860000,1680653450529,True,True
202699530,310.60000000,0.27400000,85.10440000,1680653450739,True,True
202699531,310.70000000,0.04700000,14.60290000,1680653452388,False,True
202699532,310.60000000,0.32900000,102.18740000,1680653455278,True,True
202699533,310.60000000,0.05300000,16.46180000,1680653457956,True,True
202699534,310.60000000,0.18600000,57.77160000,1680653459303,True,True
202699535,310.60000000,0.12400000,38.51440000,1680653459304,True,True
202699536,310.60000000,0.08100000,25.15860000,1680653459318,True,True
202699537,310.60000000,0.08100000,25.15860000,1680653459358,True,True
202699538,310.60000000,0.08100000,25.15860000,1680653459387,True,True
202699539,310.60000000,0.08100000,25.15860000,1680653459495,True,True
202699540,310.70000000,0.03300000,10.25310000,1680653461411,False,True
202699541,310.60000000,0.25600000,79.51360000,1680653462195,True,True
202699542,310.60000000,0.06500000,20.18900000,1680653462197,True,True
202699543,310.60000000,3.13100000,972.48860000,1680653462859,True,True
202699544,310.60000000,0.16900000,52.49140000,1680653462859,True,True
202699545,310.60000000,4.43000000,1375.95800000,1680653462903,True,True
202699546,310.60000000,1.75000000,543.55000000,1680653462923,True,True
202699547,310.60000000,0.93000000,288.85800000,1680653463016,True,True
202699548,310.60000000,2.59000000,804.45400000,1680653463016,True,True
202699549,310.70000000,0.78700000,244.52090000,1680653468677,False,True
202699550,310.70000000,1.04000000,323.12800000,1680653468677,False,True
202699551,310.70000000,0.59500000,184.86650000,1680653468677,False,True
202699552,310.60000000,0.08000000,24.84800000,1680653478757,True,True
202699553,310.60000000,1.07100000,332.65260000,1680653479286,True,True
202699554,310.60000000,0.11900000,36.96140000,1680653479288,True,True
202699555,310.60000000,0.25700000,79.82420000,1680653480385,True,True
202699556,310.60000000,0.06400000,19.87840000,1680653480387,True,True
202699557,310.60000000,0.25700000,79.82420000,1680653480437,True,True
202699558,310.60000000,0.06400000,19.87840000,1680653480439,True,True
202699559,310.60000000,2.20000000,683.32000000,1680653480467,True,True
202699560,310.50000000,0.05800000,18.00900000,1680653480554,True,True
202699561,310.50000000,0.01200000,3.72600000,1680653480554,True,True
202699562,310.60000000,6.34600000,1971.06760000,1680653483284,False,True
202699563,310.60000000,5.69800000,1769.79880000,1680653483284,False,True
202699564,310.50000000,0.03200000,9.93600000,1680653484383,True,True
202699565,310.50000000,0.01200000,3.72600000,1680653484383,True,True
202699566,310.60000000,0.48000000,149.08800000,1680653490496,False,True
202699567,310.50000000,0.02500000,7.76250000,1680653491146,True,True
202699568,310.50000000,0.17800000,55.26900000,1680653491146,True,True
202699569,310.50000000,0.17200000,53.40600000,1680653491146,True,True
202699570,310.50000000,0.05300000,16.45650000,1680653491146,True,True
202699571,310.50000000,0.46300000,143.76150000,1680653491146,True,True
202699572,310.50000000,0.09900000,30.73950000,1680653491148,True,True
202699573,310.60000000,0.47500000,147.53500000,1680653493057,False,True
202699574,310.60000000,0.74000000,229.84400000,1680653493057,False,True
202699575,310.60000000,0.29800000,92.55880000,1680653493057,False,True
202699576,310.60000000,0.28500000,88.52100000,1680653496894,False,True
202699577,310.50000000,0.18900000,58.68450000,1680653498390,True,True
202699578,310.50000000,0.10300000,31.98150000,1680653498390,True,True
202699579,310.50000000,0.03900000,12.10950000,1680653498390,True,True
202699580,310.50000000,0.05000000,15.52500000,1680653498390,True,True
202699581,310.50000000,0.26000000,80.73000000,1680653498390,True,True
202699582,310.50000000,0.18900000,58.68450000,1680653498390,True,True
202699583,310.50000000,0.13300000,41.29650000,1680653498398,True,True
202699584,310.50000000,0.60000000,186.30000000,1680653498398,True,True
202699585,310.50000000,0.03500000,10.86750000,1680653498398,True,True
202699586,310.50000000,0.03600000,11.17800000,1680653498398,True,True
202699587,310.50000000,0.65600000,203.68800000,1680653498398,True,True
202699588,310.50000000,0.30000000,93.15000000,1680653498398,True,True
202699589,310.50000000,0.20000000,62.10000000,1680653498398,True,True
202699590,310.50000000,0.50000000,155.25000000,1680653498398,True,True
202699591,310.50000000,0.67700000,210.20850000,1680653498398,True,True
202699592,310.60000000,0.04500000,13.97700000,1680653498402,False,True
202699593,310.60000000,0.34000000,105.60400000,1680653501990,False,True
202699594,310.60000000,0.36300000,112.74780000,1680653501991,False,True
202699595,310.60000000,0.04100000,12.73460000,1680653511909,False,True
202699596,310.60000000,0.12800000,39.75680000,1680653511909,False,True
202699597,310.50000000,0.14800000,45.95400000,1680653515409,True,True
202699598,310.50000000,0.09800000,30.42900000,1680653515412,True,True
202699599,310.50000000,0.25700000,79.79850000,1680653518703,True,True
202699600,310.50000000,0.06400000,19.87200000,1680653518705,True,True
202699601,310.60000000,0.00100000,0.31060000,1680653530400,False,True
202699602,310.60000000,0.13900000,43.17340000,1680653530400,False,True
202699603,310.60000000,0.29700000,92.24820000,1680653532557,False,True
202699604,310.60000000,0.02600000,8.07560000,1680653538828,False,True
202699605,310.50000000,0.16800000,52.16400000,1680653555162,True,True
202699606,310.50000000,0.11200000,34.77600000,1680653555164,True,True
202699607,310.60000000,0.05000000,15.53000000,1680653581586,False,True
202699608,310.50000000,0.25700000,79.79850000,1680653584726,True,True
202699609,310.50000000,0.06500000,20.18250000,1680653584727,True,True
202699610,310.50000000,0.05000000,15.52500000,1680653602065,True,True
202699611,310.60000000,0.08900000,27.64340000,1680653605434,False,True
202699612,310.60000000,0.42700000,132.62620000,1680653605434,False,True
202699613,310.60000000,0.10800000,33.54480000,1680653605434,False,True
202699614,310.50000000,0.99900000,310.18950000,1680653607960,True,True
202699615,310.50000000,2.76000000,856.98000000,1680653609931,True,True
202699616,310.60000000,0.10200000,31.68120000,1680653618245,False,True
202699617,310.60000000,0.13100000,40.68860000,1680653620146,False,True
202699618,310.60000000,0.10800000,33.54480000,1680653620170,False,True
202699619,310.60000000,0.75000000,232.95000000,1680653638949,False,True
202699620,310.60000000,0.21500000,66.77900000,1680653638949,False,True
202699621,310.50000000,0.22800000,70.79400000,1680653643306,True,True
202699622,310.50000000,0.23200000,72.03600000,1680653643306,True,True
202699623,310.60000000,0.08100000,25.15860000,1680653643677,False,True
202699624,310.60000000,0.11800000,36.65080000,1680653643699,False,True
202699625,310.60000000,0.27400000,85.10440000,1680653650457,False,True
202699626,310.60000000,0.03800000,11.80280000,1680653650457,False,True
202699627,310.60000000,0.08000000,24.84800000,1680653666704,False,True
202699628,310.60000000,0.08000000,24.84800000,1680653677130,False,True
202699629,310.60000000,0.08000000,24.84800000,1680653677270,False,True
202699630,310.60000000,0.14000000,43.48400000,1680653677379,False,True
202699631,310.60000000,0.23000000,71.43800000,1680653677379,False,True
202699632,310.60000000,0.08000000,24.84800000,1680653682074,False,True
202699633,310.60000000,0.59200000,183.87520000,1680653682567,False,True
202699634,310.60000000,0.34200000,106.22520000,1680653682577,True,True
202699635,310.60000000,0.34200000,106.22520000,1680653685388,True,True
202699636,310.60000000,0.26400000,81.99840000,1680653692304,True,True
202699637,310.60000000,0.09200000,28.57520000,1680653696109,True,True
202699638,310.60000000,0.41400000,128.58840000,1680653696109,True,True
202699639,310.60000000,0.12500000,38.82500000,1680653696111,True,True
202699640,310.60000000,0.07500000,23.29500000,1680653702928,True,True
202699641,310.70000000,0.32200000,100.04540000,1680653705063,False,True
202699642,310.60000000,0.55200000,171.45120000,1680653705724,True,True
202699643,310.60000000,0.13500000,41.93100000,1680653705726,True,True
202699644,310.60000000,0.24700000,76.71820000,1680653711082,True,True
202699645,310.60000000,0.03900000,12.11340000,1680653715854,True,True
202699646,310.60000000,1.80000000,559.08000000,1680653717587,True,True
202699647,310.60000000,2.31300000,718.41780000,1680653717594,True,True
202699648,310.60000000,1.20700000,374.89420000,1680653717594,True,True
202699649,310.60000000,0.37800000,117.40680000,1680653717656,True,True
202699650,310.60000000,1.80000000,559.08000000,1680653717656,True,True
202699651,310.60000000,0.63200000,196.29920000,1680653717656,True,True
202699652,310.60000000,0.25600000,79.51360000,1680653719498,True,True
202699653,310.60000000,0.06400000,19.87840000,1680653719500,True,True
202699654,310.60000000,0.32100000,99.70260000,1680653720062,True,True
202699655,310.60000000,1.03500000,321.47100000,1680653721809,True,True
202699656,310.50000000,0.63400000,196.85700000,1680653721809,True,True
202699657,310.50000000,0.08800000,27.32400000,1680653721811,True,True
202699658,310.60000000,0.20000000,62.12000000,1680653732220,False,True
202699659,310.60000000,0.08100000,25.15860000,1680653732854,False,True
202699660,310.50000000,1.18800000,368.87400000,1680653735318,True,True
202699661,310.50000000,0.22300000,69.24150000,1680653735318,True,True
202699662,310.50000000,0.93900000,291.55950000,1680653735666,True,True
202699663,310.50000000,0.62100000,192.82050000,1680653735666,True,True
202699664,310.50000000,0.37900000,117.67950000,1680653736055,True,True
202699665,310.50000000,0.19300000,59.92650000,1680653736055,True,True
202699666,310.50000000,0.25600000,79.48800000,1680653736693,True,True
202699667,310.50000000,0.06400000,19.87200000,1680653736695,True,True
202699668,310.50000000,0.04900000,15.21450000,1680653739225,True,True
202699669,310.50000000,0.45100000,140.03550000,1680653739435,True,True
202699670,310.40000000,0.28800000,89.39520000,1680653739435,True,True
202699671,310.40000000,0.35600000,110.50240000,1680653739435,True,True
202699672,310.40000000,0.60000000,186.24000000,1680653739435,True,True
202699673,310.40000000,0.03400000,10.55360000,1680653739435,True,True
202699674,310.40000000,0.00900000,2.79360000,1680653739435,True,True
202699675,310.40000000,0.02700000,8.38080000,1680653739438,True,True
202699676,310.40000000,0.05500000,17.07200000,1680653739438,True,True
202699677,310.40000000,1.47400000,457.52960000,1680653739449,True,True
202699678,310.40000000,0.05600000,17.38240000,1680653739449,True,True
202699679,310.40000000,0.20000000,62.08000000,1680653739449,True,True
202699680,310.40000000,0.05700000,17.69280000,1680653739449,True,True
202699681,310.40000000,0.04300000,13.34720000,1680653739449,True,True
202699682,310.40000000,0.07000000,21.72800000,1680653739449,True,True
202699683,310.40000000,0.03600000,11.17440000,1680653739449,True,True
202699684,310.40000000,0.30000000,93.12000000,1680653739449,True,True
202699685,310.40000000,0.06500000,20.17600000,1680653739449,True,True
202699686,310.40000000,0.02600000,8.07040000,1680653739449,True,True
202699687,310.40000000,0.04100000,12.72640000,1680653739451,True,True
202699688,310.40000000,0.03600000,11.17440000,1680653739451,True,True
202699689,310.40000000,0.04200000,13.03680000,1680653739451,True,True
202699690,310.40000000,0.06900000,21.41760000,1680653739451,True,True
202699691,310.40000000,0.05300000,16.45120000,1680653739451,True,True
202699692,310.40000000,0.05000000,15.52000000,1680653739451,True,True
202699693,310.40000000,0.56200000,174.44480000,1680653739451,True,True
202699694,310.40000000,0.10000000,31.04000000,1680653739451,True,True
202699695,310.40000000,0.12300000,38.17920000,1680653739451,True,True
202699696,310.40000000,0.21800000,67.66720000,1680653739463,True,True
202699697,310.40000000,0.10800000,33.52320000,1680653739463,True,True
202699698,310.40000000,0.20000000,62.08000000,1680653739463,True,True
202699699,310.40000000,0.39600000,122.91840000,1680653739463,True,True
202699700,310.40000000,0.51800000,160.78720000,1680653739469,True,True
202699701,310.40000000,0.32000000,99.32800000,1680653740190,True,True
202699702,310.40000000,0.43200000,134.09280000,1680653740197,True,True
202699703,310.40000000,0.32100000,99.63840000,1680653740197,True,True
202699704,310.50000000,5.48300000,1702.47150000,1680653740469,False,True
202699705,310.50000000,5.70000000,1769.85000000,1680653740469,False,True
202699706,310.50000000,1.03600000,321.67800000,1680653740469,False,True
202699707,310.50000000,0.52100000,161.77050000,1680653740469,False,True
202699708,310.40000000,5.85300000,1816.77120000,1680653741437,True,True
202699709,310.40000000,0.16000000,49.66400000,1680653743079,True,True
202699710,310.40000000,1.65000000,512.16000000,1680653743080,True,True
202699711,310.40000000,0.20500000,63.63200000,1680653743106,True,True
202699712,310.40000000,1.19900000,372.16960000,1680653743106,True,True
202699713,310.40000000,1.15000000,356.96000000,1680653743106,True,True
202699714,310.40000000,1.16900000,362.85760000,1680653743106,True,True
202699715,310.40000000,0.63700000,197.72480000,1680653743106,True,True
202699716,310.50000000,5.41800000,1682.28900000,1680653749255,False,True
202699717,310.50000000,0.94300000,292.80150000,1680653749255,False,True
202699718,310.50000000,2.38000000,738.99000000,1680653749255,False,True
202699719,310.50000000,0.64400000,199.96200000,1680653749255,False,True
202699720,310.40000000,0.43300000,134.40320000,1680653751008,True,True
202699721,310.40000000,0.84900000,263.52960000,1680653751008,True,True
202699722,310.40000000,0.15100000,46.87040000,1680653751012,True,True
202699723,310.40000000,1.55200000,481.74080000,1680653751012,True,True
202699724,310.40000000,2.50300000,776.93120000,1680653751012,True,True
202699725,310.40000000,0.18600000,57.73440000,1680653751013,True,True
202699726,310.40000000,0.48300000,149.92320000,1680653751013,True,True
202699727,310.40000000,0.03300000,10.24320000,1680653751013,True,True
202699728,310.40000000,0.32200000,99.94880000,1680653751013,True,True
202699729,310.40000000,0.25800000,80.08320000,1680653751013,True,True
202699730,310.40000000,0.12800000,39.73120000,1680653753120,True,True
202699731,310.40000000,0.67500000,209.52000000,1680653755162,True,True
202699732,310.50000000,1.36600000,424.14300000,1680653755317,False,True
202699733,310.50000000,1.02000000,316.71000000,1680653755317,False,True
202699734,310.50000000,0.91000000,282.55500000,1680653755317,False,True
202699735,310.50000000,0.52100000,161.77050000,1680653755317,False,True
202699736,310.40000000,0.09900000,30.72960000,1680653759914,True,True
202699737,310.40000000,0.10200000,31.66080000,1680653760228,True,True
202699738,310.40000000,0.14700000,45.62880000,1680653760228,True,True
202699739,310.50000000,0.38900000,120.78450000,1680653761353,False,True
202699740,310.50000000,1.25700000,390.29850000,1680653761353,False,True
202699741,310.50000000,4.09200000,1270.56600000,1680653761353,False,True
202699742,310.50000000,0.94000000,291.87000000,1680653761353,False,True
202699743,310.50000000,0.08000000,24.84000000,1680653762709,False,True
202699744,310.50000000,4.26200000,1323.35100000,1680653764225,False,True
202699745,310.50000000,0.08000000,24.84000000,1680653764225,False,True
202699746,310.50000000,0.07100000,22.04550000,1680653766818,False,True
202699747,310.40000000,2.01500000,625.45600000,1680653771415,True,True
202699748,310.50000000,0.45200000,140.34600000,1680653776104,False,True
202699749,310.50000000,0.09900000,30.73950000,1680653777189,False,True
202699750,310.50000000,0.03800000,11.79900000,1680653777829,False,True
202699751,310.50000000,1.61000000,499.90500000,1680653777829,False,True
202699752,310.60000000,0.30000000,93.18000000,1680653778323,False,True
202699753,310.60000000,0.33400000,103.74040000,1680653778435,True,True
202699754,310.60000000,0.06500000,20.18900000,1680653778739,True,True
202699755,310.60000000,1.29400000,401.91640000,1680653779102,True,True
202699756,310.60000000,0.25800000,80.13480000,1680653779405,True,True
202699757,310.60000000,0.09100000,28.26460000,1680653780232,True,True
202699758,310.70000000,1.23500000,383.71450000,1680653785275,False,True
202699759,310.70000000,0.11800000,36.66260000,1680653785275,False,True
202699760,310.70000000,0.31500000,97.87050000,1680653785275,False,True
202699761,310.70000000,0.11600000,36.04120000,1680653785275,False,True
202699762,310.70000000,0.63900000,198.53730000,1680653785275,False,True
202699763,310.70000000,0.22800000,70.83960000,1680653785275,False,True
202699764,310.70000000,0.43300000,134.53310000,1680653785275,False,True
202699765,310.70000000,1.84900000,574.48430000,1680653785275,False,True
202699766,310.70000000,0.50000000,155.35000000,1680653785275,False,True
202699767,310.70000000,1.60900000,499.91630000,1680653785275,False,True
202699768,310.70000000,0.76000000,236.13200000,1680653785275,False,True
202699769,310.70000000,0.24000000,74.56800000,1680653785303,False,True
202699770,310.70000000,0.36600000,113.71620000,1680653785306,False,True
202699771,310.70000000,1.43200000,444.92240000,1680653788012,False,True
202699772,310.80000000,1.13800000,353.69040000,1680653788012,False,True
202699773,310.80000000,1.24100000,385.70280000,1680653788012,False,True
202699774,310.80000000,0.78000000,242.42400000,1680653788012,False,True
202699775,310.70000000,0.70000000,217.49000000,1680653789543,True,True
202699776,310.70000000,0.14000000,43.49800000,1680653789852,True,True
202699777,310.80000000,0.06500000,20.20200000,1680653805814,False,True
202699778,310.80000000,0.33600000,104.42880000,1680653809001,False,True
202699779,310.70000000,1.11600000,346.74120000,1680653818701,True,True
202699780,310.70000000,4.67400000,1452.21180000,1680653818701,True,True
202699781,310.70000000,1.02400000,318.15680000,1680653818768,True,True
202699782,310.70000000,1.31600000,408.88120000,1680653818768,True,True
202699783,310.70000000,4.56900000,1419.58830000,1680653818785,True,True
202699784,310.70000000,2.05100000,637.24570000,1680653818785,True,True
202699785,310.80000000,0.33600000,104.42880000,1680653829227,False,True
202699786,310.80000000,0.22800000,70.86240000,1680653834744,False,True
202699787,310.80000000,1.84000000,571.87200000,1680653834744,False,True
202699788,310.80000000,3.60000000,1118.88000000,1680653834744,False,True
202699789,310.80000000,0.50000000,155.40000000,1680653834744,False,True
202699790,310.80000000,0.64300000,199.84440000,1680653834744,False,True
202699791,310.80000000,5.69600000,1770.31680000,1680653834744,False,True
202699792,310.80000000,0.16800000,52.21440000,1680653834744,False,True
202699793,310.80000000,0.64300000,199.84440000,1680653834744,False,True
202699794,310.80000000,0.64300000,199.84440000,1680653834744,False,True
202699795,310.80000000,0.64300000,199.84440000,1680653834744,False,True
202699796,310.80000000,0.43300000,134.57640000,1680653834744,False,True
202699797,310.80000000,0.11200000,34.80960000,1680653836974,True,True
202699798,310.80000000,0.21300000,66.20040000,1680653842018,True,True
202699799,310.80000000,0.59000000,183.37200000,1680653846187,True,True
202699800,310.90000000,0.25900000,80.52310000,1680653849465,False,True
202699801,310.80000000,0.07400000,22.99920000,1680653862072,True,True
202699802,310.90000000,6.22300000,1934.73070000,1680653862473,False,True
202699803,310.90000000,1.32800000,412.87520000,1680653862473,False,True
202699804,310.90000000,1.85900000,577.96310000,1680653862473,False,True
202699805,310.90000000,0.28700000,89.22830000,1680653862473,False,True
202699806,310.90000000,0.01300000,4.04170000,1680653862477,False,True
202699807,310.90000000,0.60000000,186.54000000,1680653862477,False,True
202699808,310.90000000,1.00000000,310.90000000,1680653862477,False,True
202699809,310.90000000,0.63900000,198.66510000,1680653862477,False,True
202699810,310.90000000,0.37600000,116.89840000,1680653862477,False,True
202699811,310.90000000,0.90000000,279.81000000,1680653868424,False,True
202699812,310.90000000,0.22800000,70.88520000,1680653868424,False,True
202699813,310.90000000,0.38400000,119.38560000,1680653868424,False,True
202699814,310.90000000,0.05000000,15.54500000,1680653869861,False,True
202699815,310.90000000,0.13700000,42.59330000,1680653883236,False,True
202699816,310.90000000,0.22800000,70.88520000,1680653883236,False,True
202699817,310.90000000,0.50500000,157.00450000,1680653883236,False,True
202699818,311.00000000,0.07800000,24.25800000,1680653891276,False,True
202699819,311.00000000,0.18500000,57.53500000,1680653893642,False,True
202699820,310.90000000,5.69400000,1770.26460000,1680653895105,True,True
202699821,310.90000000,3.38400000,1052.08560000,1680653895105,True,True
202699822,310.90000000,3.86800000,1202.56120000,1680653895105,True,True
202699823,310.90000000,2.85800000,888.55220000,1680653895105,True,True
202699824,310.90000000,4.08300000,1269.40470000,1680653895105,True,True
202699825,310.90000000,6.11100000,1899.90990000,1680653895108,True,True
202699826,310.90000000,0.30300000,94.20270000,1680653895110,True,True
202699827,310.90000000,0.06800000,21.14120000,1680653895538,True,True
202699828,310.90000000,0.32000000,99.48800000,1680653900089,True,True
202699829,311.00000000,0.01700000,5.28700000,1680653910938,False,True
202699830,311.00000000,0.04000000,12.44000000,1680653910938,False,True
202699831,311.00000000,0.32800000,102.00800000,1680653910938,False,True
202699832,311.00000000,0.16000000,49.76000000,1680653910938,False,True
202699833,310.90000000,0.06100000,18.96490000,1680653911430,True,True
202699834,310.90000000,0.17600000,54.71840000,1680653913669,True,True
202699835,311.00000000,0.16000000,49.76000000,1680653915867,False,True
202699836,311.00000000,0.02200000,6.84200000,1680653918672,False,True
202699837,310.90000000,0.25700000,79.90130000,1680653922244,True,True
202699838,310.90000000,0.06400000,19.89760000,1680653922245,True,True
202699839,311.00000000,0.01600000,4.97600000,1680653924118,False,True
202699840,311.00000000,0.04700000,14.61700000,1680653924118,False,True
202699841,310.90000000,2.56000000,795.90400000,1680653925034,True,True
202699842,310.90000000,2.07000000,643.56300000,1680653925160,True,True
202699843,310.90000000,2.02100000,628.32890000,1680653925161,True,True
202699844,310.90000000,1.16800000,363.13120000,1680653925161,True,True
202699845,310.90000000,0.75100000,233.48590000,1680653925161,True,True
202699846,310.90000000,1.69000000,525.42100000,1680653925189,True,True
202699847,310.90000000,0.80500000,250.27450000,1680653925326,True,True
202699848,310.90000000,0.92300000,286.96070000,1680653925352,True,True
202699849,311.00000000,0.10300000,32.03300000,1680653927149,False,True
202699850,311.00000000,0.30900000,96.09900000,1680653927181,False,True
202699851,311.00000000,0.02200000,6.84200000,1680653929192,False,True
202699852,311.00000000,0.11900000,37.00900000,1680653933493,False,True
202699853,311.00000000,0.30000000,93.30000000,1680653933493,False,True
202699854,311.00000000,1.00000000,311.00000000,1680653933493,False,True
202699855,311.00000000,0.20000000,62.20000000,1680653933493,False,True
202699856,311.00000000,0.19800000,61.57800000,1680653933493,False,True
202699857,311.00000000,0.33500000,104.18500000,1680653933954,False,True
202699858,311.00000000,0.15400000,47.89400000,1680653935138,False,True
202699859,311.00000000,0.80500000,250.35500000,1680653939389,False,True
202699860,310.90000000,0.58700000,182.49830000,1680653942284,True,True
202699861,310.90000000,2.49800000,776.62820000,1680653957195,True,True
202699862,310.90000000,2.49800000,776.62820000,1680653962184,True,True
202699863,311.00000000,0.40100000,124.71100000,1680653976139,False,True
202699864,310.90000000,0.10900000,33.88810000,1680653976963,True,True
202699865,310.90000000,0.14800000,46.01320000,1680653976963,True,True
202699866,310.90000000,0.06400000,19.89760000,1680653976965,True,True
202699867,310.90000000,0.08100000,25.18290000,1680653976977,True,True
202699868,310.90000000,0.09700000,30.15730000,1680653980135,True,True
202699869,310.90000000,0.10600000,32.95540000,1680653980396,True,True
202699870,311.00000000,0.08000000,24.88000000,1680653994209,False,True
202699871,311.00000000,0.08000000,24.88000000,1680653994305,False,True
202699872,311.00000000,0.08000000,24.88000000,1680653994422,False,True
202699873,310.90000000,0.06400000,19.89760000,1680654003736,True,True
202699874,310.90000000,1.78000000,553.40200000,1680654012719,True,True
202699875,311.00000000,0.04400000,13.68400000,1680654017934,False,True
202699876,311.00000000,0.03800000,11.81800000,1680654028461,False,True
202699877,310.90000000,0.25700000,79.90130000,1680654028681,True,True
202699878,310.90000000,0.06400000,19.89760000,1680654028683,True,True
202699879,310.90000000,0.14600000,45.39140000,1680654031629,True,True
202699880,310.90000000,0.24300000,75.54870000,1680654033797,True,True
202699881,311.00000000,0.04800000,14.92800000,1680654035917,False,True
202699882,310.90000000,0.03400000,10.57060000,1680654038538,True,True
202699883,310.90000000,0.20000000,62.18000000,1680654045964,True,True
202699884,310.90000000,0.07000000,21.76300000,1680654055442,True,True
202699885,310.90000000,2.40900000,748.95810000,1680654055495,True,True
202699886,310.90000000,0.09400000,29.22460000,1680654055495,True,True
202699887,310.90000000,1.32300000,411.32070000,1680654055495,True,True
202699888,310.90000000,0.05400000,16.78860000,1680654061307,False,True
202699889,310.80000000,0.57400000,178.39920000,1680654064894,True,True
202699890,310.80000000,0.14400000,44.75520000,1680654064896,True,True
202699891,310.80000000,0.59300000,184.30440000,1680654068807,True,True
202699892,310.80000000,0.05800000,18.02640000,1680654068889,True,True
202699893,310.80000000,0.05700000,17.71560000,1680654068950,True,True
202699894,310.90000000,0.63300000,196.79970000,1680654072603,False,True
202699895,310.90000000,0.63200000,196.48880000,1680654074304,False,True
202699896,310.90000000,0.19100000,59.38190000,1680654077516,False,True
202699897,310.80000000,0.18200000,56.56560000,1680654085714,True,True
202699898,310.80000000,6.75600000,2099.76480000,1680654099445,True,True
202699899,310.80000000,4.87600000,1515.46080000,1680654099445,True,True
202699900,310.80000000,0.16400000,50.97120000,1680654099445,True,True
202699901,310.80000000,8.99600000,2795.95680000,1680654099445,True,True
202699902,310.80000000,2.85200000,886.40160000,1680654099445,True,True
202699903,310.80000000,8.02800000,2495.10240000,1680654099445,True,True
202699904,310.80000000,0.06400000,19.89120000,1680654099445,True,True
202699905,310.80000000,6.48400000,2015.22720000,1680654099445,True,True
202699906,310.80000000,0.16300000,50.66040000,1680654099491,False,True
202699907,310.80000000,0.10300000,32.01240000,1680654099940,False,True
202699908,310.80000000,1.51400000,470.55120000,1680654110626,False,True
202699909,310.80000000,5.69400000,1769.69520000,1680654110626,False,True
202699910,310.80000000,1.30200000,404.66160000,1680654110626,False,True
202699911,310.80000000,0.61300000,190.52040000,1680654110660,False,True
202699912,310.80000000,0.61300000,190.52040000,1680654110660,False,True
202699913,310.80000000,0.36000000,111.88800000,1680654110661,False,True
202699914,310.80000000,0.06700000,20.82360000,1680654110692,False,True
202699915,310.80000000,0.10200000,31.70160000,1680654110693,False,True
202699916,310.80000000,1.81200000,563.16960000,1680654110904,False,True
202699917,310.80000000,1.33400000,414.60720000,1680654110908,False,True
202699918,310.80000000,1.29500000,402.48600000,1680654110908,False,True
202699919,310.90000000,0.73000000,226.95700000,1680654112185,False,True
202699920,310.90000000,0.65300000,203.01770000,1680654112193,False,True
202699921,310.90000000,0.89200000,277.32280000,1680654112258,False,True
202699922,310.90000000,0.49500000,153.89550000,1680654112259,False,True
202699923,310.90000000,0.69300000,215.45370000,1680654112326,False,True
202699924,310.90000000,1.06600000,331.41940000,1680654112326,False,True
202699925,310.90000000,0.10800000,33.57720000,1680654112623,False,True
202699926,310.90000000,0.17200000,53.47480000,1680654112685,False,True
202699927,310.90000000,0.25500000,79.27950000,1680654112693,False,True
202699928,310.90000000,0.10800000,33.57720000,1680654112790,False,True
202699929,310.90000000,0.10800000,33.57720000,1680654112866,False,True
202699930,310.90000000,0.10100000,31.40090000,1680654113185,False,True
202699931,310.90000000,0.10700000,33.26630000,1680654113194,False,True
202699932,310.90000000,0.18700000,58.13830000,1680654113198,False,True
202699933,310.90000000,27.78800000,8639.28920000,1680654129120,False,True
202699934,311.00000000,0.22800000,70.90800000,1680654129561,False,True
202699935,311.00000000,0.28500000,88.63500000,1680654129561,False,True
202699936,311.00000000,0.35800000,111.33800000,1680654129794,False,True
202699937,311.00000000,0.64300000,199.97300000,1680654129794,False,True
202699938,311.00000000,0.64300000,199.97300000,1680654129794,False,True
202699939,311.00000000,0.64300000,199.97300000,1680654129794,False,True
202699940,311.00000000,0.64300000,199.97300000,1680654129794,False,True
202699941,311.00000000,0.64300000,199.97300000,1680654129794,False,True
202699942,311.00000000,0.64300000,199.97300000,1680654129794,False,True
202699943,311.00000000,0.50000000,155.50000000,1680654129794,False,True
202699944,311.00000000,0.12300000,38.25300000,1680654129794,False,True
202699945,311.00000000,0.60100000,186.91100000,1680654129968,False,True
202699946,311.00000000,0.04300000,13.37300000,1680654129989,False,True
202699947,311.00000000,0.05600000,17.41600000,1680654129990,False,True
202699948,311.00000000,0.18700000,58.15700000,1680654130214,False,True
202699949,311.00000000,0.39800000,123.77800000,1680654130437,False,True
202699950,311.00000000,0.35300000,109.78300000,1680654130466,False,True
202699951,311.00000000,0.12300000,38.25300000,1680654130469,False,True
202699952,311.00000000,1.30200000,404.92200000,1680654130485,False,True
202699953,311.00000000,0.21400000,66.55400000,1680654130485,False,True
202699954,311.00000000,0.51700000,160.78700000,1680654130485,False,True
202699955,311.00000000,0.04700000,14.61700000,1680654130489,False,True
202699956,311.00000000,0.05500000,17.10500000,1680654130489,False,True
202699957,311.00000000,0.33500000,104.18500000,1680654130524,False,True
202699958,311.00000000,0.72800000,226.40800000,1680654130534,False,True
202699959,311.10000000,1.18700000,369.27570000,1680654130867,False,True
202699960,311.10000000,0.09800000,30.48780000,1680654130867,False,True
202699961,311.10000000,0.04400000,13.68840000,1680654130867,False,True
202699962,311.10000000,0.38600000,120.08460000,1680654130867,False,True
202699963,311.10000000,0.21400000,66.57540000,1680654130937,False,True
202699964,311.10000000,0.87900000,273.45690000,1680654130937,False,True
202699965,311.10000000,0.12100000,37.64310000,1680654130967,False,True
202699966,311.10000000,0.30000000,93.33000000,1680654130967,False,True
202699967,311.10000000,0.20000000,62.22000000,1680654130967,False,True
202699968,311.10000000,0.03000000,9.33300000,1680654130967,False,True
202699969,311.10000000,0.00600000,1.86660000,1680654130989,False,True
202699970,311.10000000,0.03400000,10.57740000,1680654130989,False,True
202699971,311.10000000,1.11000000,345.32100000,1680654130989,False,True
202699972,311.10000000,0.07900000,24.57690000,1680654130990,False,True
202699973,311.10000000,1.05400000,327.89940000,1680654130990,False,True
202699974,311.10000000,0.44600000,138.75060000,1680654131035,False,True
202699975,311.10000000,0.10800000,33.59880000,1680654131292,False,True
202699976,311.10000000,0.06600000,20.53260000,1680654131367,False,True
202699977,311.10000000,0.23300000,72.48630000,1680654131367,False,True
202699978,311.10000000,0.41000000,127.55100000,1680654131437,False,True
202699979,311.10000000,0.50000000,155.55000000,1680654131437,False,True
202699980,311.10000000,0.19000000,59.10900000,1680654131960,True,True
202699981,311.20000000,0.10400000,32.36480000,1680654132733,False,True
202699982,311.10000000,5.50100000,1711.36110000,1680654133240,True,True
202699983,311.10000000,7.50000000,2333.25000000,1680654133240,True,True
202699984,311.10000000,2.85400000,887.87940000,1680654133240,True,True
202699985,311.10000000,0.85600000,266.30160000,1680654133240,True,True
202699986,311.10000000,0.85600000,266.30160000,1680654133240,True,True
202699987,311.10000000,1.17000000,363.98700000,1680654133240,True,True
202699988,311.10000000,0.64600000,200.97060000,1680654133240,True,True
202699989,311.10000000,13.84700000,4307.80170000,1680654133240,True,True
202699990,311.10000000,0.60400000,187.90440000,1680654133240,True,True
202699991,311.00000000,1.88300000,585.61300000,1680654133240,True,True
202699992,311.10000000,2.85200000,887.25720000,1680654139222,True,True
202699993,311.10000000,5.68900000,1769.84790000,1680654139222,True,True
202699994,311.10000000,7.27200000,2262.31920000,1680654139222,True,True
202699995,311.10000000,0.53200000,165.50520000,1680654139222,True,True
202699996,311.10000000,0.32100000,99.86310000,1680654139222,True,True
202699997,311.10000000,7.84500000,2440.57950000,1680654139225,True,True
202699998,311.10000000,0.00100000,0.31110000,1680654142157,True,True
202699999,311.10000000,0.29500000,91.77450000,1680654142157,True,True
202700000,311.10000000,0.74800000,232.70280000,1680654142157,True,True
202700001,311.10000000,6.94400000,2160.27840000,1680654142248,True,True
202700002,311.10000000,0.38600000,120.08460000,1680654142248,True,True
202700003,311.10000000,8.61000000,2678.57100000,1680654142248,True,True
202700004,311.10000000,3.08100000,958.49910000,1680654142248,True,True
202700005,311.10000000,0.26500000,82.44150000,1680654142248,True,True
202700006,311.10000000,1.62700000,506.15970000,1680654142248,True,True
202700007,311.00000000,3.81100000,1185.22100000,1680654142248,True,True
202700008,311.00000000,2.85500000,887.90500000,1680654142248,True,True
202700009,311.00000000,4.19800000,1305.57800000,1680654142248,True,True
202700010,311.00000000,0.61300000,190.64300000,1680654142248,True,True
202700011,311.00000000,1.21900000,379.10900000,1680654142248,True,True
202700012,311.00000000,1.16900000,363.55900000,1680654142248,True,True
202700013,311.00000000,1.17300000,364.80300000,1680654142248,True,True
202700014,311.00000000,1.21900000,379.10900000,1680654142248,True,True
202700015,311.10000000,0.60900000,189.45990000,1680654142364,False,True
202700016,311.10000000,0.85200000,265.05720000,1680654142390,False,True
202700017,311.10000000,0.36900000,114.79590000,1680654142437,False,True
202700018,311.10000000,0.09000000,27.99900000,1680654142456,False,True
202700019,311.10000000,0.55200000,171.72720000,1680654142590,False,True
202700020,311.10000000,0.10800000,33.59880000,1680654143004,False,True
202700021,311.10000000,0.45700000,142.17270000,1680654143027,False,True
202700022,311.10000000,0.08200000,25.51020000,1680654143417,False,True
202700023,311.10000000,0.44000000,136.88400000,1680654143692,False,True
202700024,311.10000000,0.08100000,25.19910000,1680654147632,False,True
202700025,311.10000000,2.04900000,637.44390000,1680654151252,False,True
202700026,311.10000000,3.86800000,1203.33480000,1680654151252,False,True
202700027,311.10000000,0.43300000,134.70630000,1680654151252,False,True
202700028,311.10000000,0.22800000,70.93080000,1680654151252,False,True
202700029,311.10000000,1.46300000,455.13930000,1680654151252,False,True
202700030,311.10000000,0.03800000,11.82180000,1680654151252,False,True
202700031,311.10000000,1.57500000,489.98250000,1680654151252,False,True
202700032,311.10000000,0.50600000,157.41660000,1680654151252,False,True
202700033,311.10000000,0.13700000,42.62070000,1680654151252,False,True
202700034,311.10000000,0.51500000,160.21650000,1680654166112,False,True
202700035,311.10000000,0.58100000,180.74910000,1680654169260,False,True
202700036,311.10000000,5.69100000,1770.47010000,1680654169260,False,True
202700037,311.10000000,0.22800000,70.93080000,1680654169260,False,True
202700038,311.10000000,0.51100000,158.97210000,1680654169260,False,True
202700039,311.10000000,1.25700000,391.05270000,1680654173090,False,True
202700040,311.10000000,6.42600000,1999.12860000,1680654173090,False,True
202700041,311.10000000,5.30900000,1651.62990000,1680654175197,True,True
202700042,311.10000000,5.69100000,1770.47010000,1680654175197,True,True
202700043,311.10000000,0.26000000,80.88600000,1680654175197,True,True
202700044,311.10000000,5.30900000,1651.62990000,1680654175256,True,True
202700045,311.10000000,0.00100000,0.31110000,1680654178291,True,True
202700046,311.10000000,5.60700000,1744.33770000,1680654178291,True,True
202700047,311.10000000,1.00200000,311.72220000,1680654178291,True,True
202700048,311.00000000,0.37900000,117.86900000,1680654181413,True,True
202700049,311.00000000,1.20300000,374.13300000,1680654181413,True,True
202700050,311.00000000,0.03400000,10.57400000,1680654181413,True,True
202700051,311.00000000,3.07800000,957.25800000,1680654181413,True,True
202700052,311.00000000,1.15900000,360.44900000,1680654181413,True,True
202700053,311.00000000,0.27900000,86.76900000,1680654181413,True,True
202700054,311.10000000,0.15000000,46.66500000,1680654181942,False,True
202700055,311.10000000,0.06000000,18.66600000,1680654199880,False,True
202700056,311.10000000,0.06400000,19.91040000,1680654201508,False,True
202700057,311.00000000,0.07200000,22.39200000,1680654201898,True,True
202700058,311.00000000,0.03300000,10.26300000,1680654201898,True,True
202700059,311.00000000,1.01300000,315.04300000,1680654201898,True,True
202700060,311.00000000,1.15500000,359.20500000,1680654201900,True,True
202700061,311.00000000,0.12300000,38.25300000,1680654201900,True,True
202700062,311.00000000,0.12900000,40.11900000,1680654201902,True,True
202700063,311.00000000,0.25700000,79.92700000,1680654201920,True,True
202700064,311.00000000,0.06300000,19.59300000,1680654201922,True,True
202700065,311.10000000,1.10200000,342.83220000,1680654202652,False,True
202700066,311.10000000,0.44900000,139.68390000,1680654205314,False,True
202700067,311.10000000,0.08400000,26.13240000,1680654213611,False,True
202700068,311.10000000,0.09400000,29.24340000,1680654214546,False,True
202700069,311.10000000,0.09400000,29.24340000,1680654214662,False,True
202700070,311.10000000,0.35400000,110.12940000,1680654215535,False,True
202700071,311.10000000,0.26500000,82.44150000,1680654215978,False,True
202700072,311.10000000,0.19900000,61.90890000,1680654215985,False,True
202700073,311.10000000,0.03300000,10.26630000,1680654216846,False,True
202700074,311.10000000,0.20600000,64.08660000,1680654227171,False,True
202700075,311.10000000,0.29600000,92.08560000,1680654231463,False,True
202700076,311.10000000,0.15500000,48.22050000,1680654231875,False,True
202700077,311.00000000,0.00800000,2.48800000,1680654236876,True,True
202700078,311.00000000,1.37800000,428.55800000,1680654236876,True,True
202700079,311.00000000,0.82200000,255.64200000,1680654236876,True,True
202700080,311.00000000,1.21500000,377.86500000,1680654236876,True,True
202700081,311.00000000,3.34000000,1038.74000000,1680654236876,True,True
202700082,311.00000000,0.41700000,129.68700000,1680654237377,True,True
202700083,311.00000000,0.43500000,135.28500000,1680654237378,True,True
202700084,311.10000000,1.00000000,311.10000000,1680654238229,False,True
202700085,311.00000000,0.17000000,52.87000000,1680654242636,True,True
202700086,311.00000000,0.08700000,27.05700000,1680654242636,True,True
202700087,311.00000000,0.06400000,19.90400000,1680654242638,True,True
202700088,311.00000000,0.25700000,79.92700000,1680654242649,True,True
202700089,311.00000000,0.06400000,19.90400000,1680654242651,True,True
202700090,311.10000000,0.02700000,8.39970000,1680654243146,False,True
202700091,311.10000000,0.20000000,62.22000000,1680654247956,False,True
202700092,311.10000000,0.32100000,99.86310000,1680654252895,False,True
202700093,311.10000000,0.08900000,27.68790000,1680654260602,False,True
202700094,311.10000000,0.09400000,29.24340000,1680654260807,False,True
202700095,311.00000000,0.05400000,16.79400000,1680654262941,True,True
202700096,311.00000000,0.11200000,34.83200000,1680654266762,True,True
202700097,311.00000000,0.13100000,40.74100000,1680654266763,True,True
202700098,311.00000000,1.46000000,454.06000000,1680654266763,True,True
202700099,311.00000000,0.60000000,186.60000000,1680654266763,True,True
202700100,311.00000000,0.10500000,32.65500000,1680654266766,True,True
202700101,311.00000000,0.07400000,23.01400000,1680654268819,True,True
202700102,311.10000000,0.35300000,109.81830000,1680654268820,False,True
202700103,311.10000000,0.69400000,215.90340000,1680654268820,False,True
202700104,311.10000000,0.07500000,23.33250000,1680654269147,False,True
202700105,311.10000000,1.09300000,340.03230000,1680654269244,False,True
202700106,311.10000000,1.52200000,473.49420000,1680654270410,False,True
202700107,311.10000000,0.50000000,155.55000000,1680654270410,False,True
202700108,311.10000000,1.01200000,314.83320000,1680654270410,False,True
202700109,311.10000000,4.14200000,1288.57620000,1680654270415,False,True
202700110,311.10000000,0.25700000,79.95270000,1680654270750,True,True
202700111,311.10000000,0.06300000,19.59930000,1680654270752,True,True
202700112,311.20000000,0.43900000,136.61680000,1680654271031,False,True
202700113,311.20000000,0.45700000,142.21840000,1680654271836,False,True
202700114,311.20000000,0.20000000,62.24000000,1680654271836,False,True
202700115,311.20000000,0.60000000,186.72000000,1680654271836,False,True
202700116,311.20000000,0.30000000,93.36000000,1680654271836,False,True
202700117,311.20000000,1.44400000,449.37280000,1680654271836,False,True
202700118,311.10000000,0.25600000,79.64160000,1680654273121,True,True
202700119,311.10000000,0.06400000,19.91040000,1680654273123,True,True
202700120,311.10000000,2.45600000,764.06160000,1680654274323,True,True
202700121,311.10000000,2.39400000,744.77340000,1680654274323,True,True
202700122,311.10000000,3.86800000,1203.33480000,1680654274323,True,True
202700123,311.10000000,3.38400000,1052.76240000,1680654274323,True,True
202700124,311.10000000,2.59400000,806.99340000,1680654274323,True,True
202700125,311.10000000,0.83100000,258.52410000,1680654274323,True,True
202700126,311.10000000,1.92300000,598.24530000,1680654274323,True,True
202700127,311.10000000,1.07000000,332.87700000,1680654274323,True,True
202700128,311.00000000,1.22700000,381.59700000,1680654274323,True,True
202700129,311.00000000,0.59100000,183.80100000,1680654274323,True,True
202700130,311.00000000,0.99900000,310.68900000,1680654274858,True,True
202700131,311.00000000,0.04900000,15.23900000,1680654279268,True,True
202700132,311.00000000,0.25700000,79.92700000,1680654283658,True,True
202700133,311.00000000,0.13700000,42.60700000,1680654283660,True,True
202700134,311.00000000,0.06400000,19.90400000,1680654283660,True,True
202700135,311.00000000,0.15500000,48.20500000,1680654283661,True,True
202700136,311.00000000,0.71300000,221.74300000,1680654283661,True,True
202700137,311.00000000,0.09200000,28.61200000,1680654283661,True,True
202700138,311.00000000,0.09600000,29.85600000,1680654283662,True,True
202700139,311.10000000,0.60700000,188.83770000,1680654285058,False,True
202700140,311.10000000,1.76100000,547.84710000,1680654286065,False,True
202700141,311.10000000,2.41300000,750.68430000,1680654286065,False,True
202700142,311.10000000,1.15500000,359.32050000,1680654286065,False,True
202700143,311.10000000,0.10000000,31.11000000,1680654286065,False,True
202700144,311.10000000,1.51700000,471.93870000,1680654286065,False,True
202700145,311.10000000,1.26800000,394.47480000,1680654286225,False,True
202700146,311.10000000,1.74700000,543.49170000,1680654286225,False,True
202700147,311.10000000,3.01500000,937.96650000,1680654286225,False,True
202700148,311.20000000,0.09400000,29.25280000,1680654286453,False,True
202700149,311.20000000,0.26300000,81.84560000,1680654286567,False,True
202700150,311.20000000,0.18200000,56.63840000,1680654286589,False,True
202700151,311.20000000,0.13700000,42.63440000,1680654286737,False,True
202700152,311.20000000,0.25000000,77.80000000,1680654286737,False,True
202700153,311.20000000,2.61100000,812.54320000,1680654286737,False,True
202700154,311.20000000,3.11500000,969.38800000,1680654286742,False,True
202700155,311.20000000,4.11000000,1279.03200000,1680654286867,False,True
202700156,311.20000000,1.44000000,448.12800000,1680654287067,False,True
202700157,311.20000000,0.66400000,206.63680000,1680654287090,False,True
202700158,311.20000000,0.93500000,290.97200000,1680654288046,False,True
202700159,311.20000000,0.04400000,13.69280000,1680654288046,False,True
202700160,311.20000000,0.03500000,10.89200000,1680654288046,False,True
202700161,311.20000000,0.03600000,11.20320000,1680654288046,False,True
202700162,311.20000000,0.17300000,53.83760000,1680654288046,False,True
202700163,311.20000000,0.03700000,11.51440000,1680654288046,False,True
202700164,311.20000000,1.49200000,464.31040000,1680654288128,False,True
202700165,311.20000000,0.63900000,198.85680000,1680654288128,False,True
202700166,311.20000000,0.33900000,105.49680000,1680654288128,False,True
202700167,311.20000000,0.09400000,29.25280000,1680654288131,False,True
202700168,311.20000000,0.22800000,70.95360000,1680654288131,False,True
202700169,311.20000000,30.00000000,9336.00000000,1680654288131,False,True
202700170,311.20000000,0.03500000,10.89200000,1680654288131,False,True
202700171,311.20000000,2.23400000,695.22080000,1680654288131,False,True
202700172,311.20000000,0.50000000,155.60000000,1680654288131,False,True
202700173,311.30000000,1.00000000,311.30000000,1680654288146,False,True
202700174,311.30000000,0.21000000,65.37300000,1680654288146,False,True
202700175,311.20000000,5.69000000,1770.72800000,1680654292271,True,True
202700176,311.20000000,0.48500000,150.93200000,1680654292271,True,True
202700177,311.20000000,0.65100000,202.59120000,1680654292271,True,True
202700178,311.20000000,3.70200000,1152.06240000,1680654292271,True,True
202700179,311.20000000,0.87000000,270.74400000,1680654292271,True,True
202700180,311.10000000,12.58800000,3916.12680000,1680654292271,True,True
202700181,311.10000000,5.69000000,1770.15900000,1680654292271,True,True
202700182,311.10000000,0.30400000,94.57440000,1680654292271,True,True
202700183,311.10000000,4.13000000,1284.84300000,1680654292271,True,True
202700184,311.10000000,0.97000000,301.76700000,1680654292271,True,True
202700185,311.20000000,0.47300000,147.19760000,1680654292359,False,True
202700186,311.20000000,5.33200000,1659.31840000,1680654292999,False,True
202700187,311.20000000,0.35500000,110.47600000,1680654293141,False,True
202700188,311.20000000,0.76500000,238.06800000,1680654293141,False,True
202700189,311.20000000,4.56800000,1421.56160000,1680654293145,False,True
202700190,311.30000000,0.39000000,121.40700000,1680654293407,False,True
202700191,311.30000000,0.30000000,93.39000000,1680654293407,False,True
202700192,311.30000000,0.20900000,65.06170000,1680654293407,False,True
202700193,311.30000000,0.20000000,62.26000000,1680654293407,False,True
202700194,311.30000000,0.04400000,13.69720000,1680654293407,False,True
202700195,311.30000000,0.03600000,11.20680000,1680654293407,False,True
202700196,311.30000000,0.32200000,100.23860000,1680654293407,False,True
202700197,311.30000000,0.05600000,17.43280000,1680654293407,False,True
202700198,311.30000000,0.20000000,62.26000000,1680654293407,False,True
202700199,311.30000000,0.05700000,17.74410000,1680654293407,False,True
202700200,311.30000000,0.04300000,13.38590000,1680654293407,False,True
202700201,311.30000000,1.09900000,342.11870000,1680654293407,False,True
202700202,311.30000000,1.21300000,377.60690000,1680654295324,False,True
202700203,311.30000000,0.08900000,27.70570000,1680654295324,False,True
202700204,311.30000000,4.65100000,1447.85630000,1680654295324,False,True
202700205,311.30000000,0.20500000,63.81650000,1680654295336,False,True
202700206,311.30000000,1.28700000,400.64310000,1680654296141,False,True
202700207,311.30000000,0.50000000,155.65000000,1680654296141,False,True
202700208,311.30000000,0.43300000,134.79290000,1680654296141,False,True
202700209,311.30000000,0.22800000,70.97640000,1680654296141,False,True
202700210,311.30000000,0.63900000,198.92070000,1680654296141,False,True
202700211,311.30000000,1.76700000,550.06710000,1680654296141,False,True
202700212,311.30000000,0.80300000,249.97390000,1680654296925,True,True
202700213,311.30000000,0.80300000,249.97390000,1680654297236,True,True
202700214,311.30000000,0.65100000,202.65630000,1680654297266,True,True
202700215,311.30000000,5.68500000,1769.74050000,1680654297312,True,True
202700216,311.20000000,5.68900000,1770.41680000,1680654297312,True,True
202700217,311.20000000,0.12200000,37.96640000,1680654297312,True,True
202700218,311.20000000,5.78300000,1799.66960000,1680654297312,True,True
202700219,311.20000000,0.68100000,211.92720000,1680654300250,True,True
202700220,311.20000000,4.67100000,1453.61520000,1680654300250,True,True
202700221,311.20000000,4.08200000,1270.31840000,1680654300250,True,True
202700222,311.20000000,0.87000000,270.74400000,1680654300250,True,True
202700223,311.20000000,0.09900000,30.80880000,1680654300250,True,True
202700224,311.10000000,2.11400000,657.66540000,1680654300250,True,True
202700225,311.10000000,17.66700000,5496.20370000,1680654300250,True,True
202700226,311.30000000,1.96000000,610.14800000,1680654300389,False,True
202700227,311.30000000,1.25400000,390.37020000,1680654300389,False,True
202700228,311.20000000,0.48000000,149.37600000,1680654300430,True,True
202700229,311.20000000,0.02100000,6.53520000,1680654300430,True,True
202700230,311.30000000,0.03300000,10.27290000,1680654302987,False,True
202700231,311.20000000,0.87000000,270.74400000,1680654303334,True,True
202700232,311.20000000,1.18600000,369.08320000,1680654303334,True,True
202700233,311.20000000,0.49500000,154.04400000,1680654303334,True,True
202700234,311.20000000,1.97800000,615.55360000,1680654303334,True,True
202700235,311.10000000,3.23600000,1006.71960000,1680654303334,True,True
202700236,311.10000000,1.48500000,461.98350000,1680654303334,True,True
202700237,311.20000000,0.13100000,40.76720000,1680654303786,False,True
202700238,311.20000000,1.72300000,536.19760000,1680654304801,False,True
202700239,311.10000000,0.57500000,178.88250000,1680654306281,True,True
202700240,311.10000000,1.18500000,368.65350000,1680654306281,True,True
202700241,311.10000000,0.21700000,67.50870000,1680654306281,True,True
202700242,311.20000000,0.89900000,279.76880000,1680654308337,False,True
202700243,311.20000000,0.08000000,24.89600000,1680654311086,False,True
202700244,311.20000000,0.14300000,44.50160000,1680654316002,False,True
202700245,311.10000000,0.50000000,155.55000000,1680654316470,True,True
202700246,311.10000000,0.35800000,111.37380000,1680654316470,True,True
202700247,311.10000000,0.11600000,36.08760000,1680654321408,False,True
202700248,311.10000000,0.75200000,233.94720000,1680654322381,False,True
202700249,311.00000000,0.95400000,296.69400000,1680654327673,True,True
202700250,311.00000000,0.25700000,79.92700000,1680654339971,True,True
202700251,311.00000000,0.06400000,19.90400000,1680654339972,True,True
202700252,311.10000000,0.15000000,46.66500000,1680654341632,False,True
202700253,311.00000000,0.25700000,79.92700000,1680654343415,True,True
202700254,311.00000000,0.06300000,19.59300000,1680654343417,True,True
202700255,311.10000000,0.03200000,9.95520000,1680654346755,False,True
202700256,311.10000000,0.08000000,24.88800000,1680654348449,False,True
202700257,311.10000000,0.08000000,24.88800000,1680654348557,False,True
202700258,311.10000000,0.08000000,24.88800000,1680654354642,False,True
202700259,311.10000000,0.08000000,24.88800000,1680654357022,False,True
202700260,311.10000000,0.08000000,24.88800000,1680654357072,False,True
202700261,311.10000000,0.08000000,24.88800000,1680654360418,False,True
202700262,311.10000000,0.10400000,32.35440000,1680654360464,False,True
202700263,311.10000000,0.08000000,24.88800000,1680654362987,False,True
202700264,311.10000000,0.08000000,24.88800000,1680654363055,False,True
202700265,311.10000000,1.71200000,532.60320000,1680654370098,False,True
202700266,311.10000000,4.75000000,1477.72500000,1680654371298,False,True
202700267,311.10000000,0.60300000,187.59330000,1680654371787,False,True
202700268,311.10000000,0.08300000,25.82130000,1680654371868,False,True
202700269,311.10000000,0.32100000,99.86310000,1680654371898,False,True
202700270,311.10000000,2.37700000,739.48470000,1680654371967,False,True
202700271,311.10000000,0.06400000,19.91040000,1680654374376,True,True
202700272,311.20000000,0.08300000,25.82960000,1680654375468,False,True
202700273,311.20000000,0.03900000,12.13680000,1680654376632,False,True
202700274,311.20000000,0.36000000,112.03200000,1680654377873,False,True
202700275,311.20000000,0.65300000,203.21360000,1680654382662,False,True
202700276,311.20000000,0.08000000,24.89600000,1680654382750,False,True
202700277,311.20000000,0.08000000,24.89600000,1680654382890,False,True
202700278,311.20000000,0.08000000,24.89600000,1680654382947,False,True
202700279,311.20000000,0.06600000,20.53920000,1680654390114,False,True
202700280,311.20000000,0.33700000,104.87440000,1680654390593,False,True
202700281,311.20000000,0.26700000,83.09040000,1680654392952,False,True
202700282,311.20000000,0.08000000,24.89600000,1680654392976,False,True
202700283,311.20000000,0.08000000,24.89600000,1680654393219,False,True
202700284,311.10000000,1.61000000,500.87100000,1680654395176,True,True
202700285,311.20000000,0.50600000,157.46720000,1680654399940,False,True
202700286,311.20000000,0.31800000,98.96160000,1680654399940,False,True
202700287,311.20000000,0.32000000,99.58400000,1680654401131,False,True
202700288,311.20000000,0.72500000,225.62000000,1680654401179,False,True
202700289,311.20000000,0.39600000,123.23520000,1680654401216,False,True
202700290,311.20000000,0.09600000,29.87520000,1680654401296,False,True
202700291,311.20000000,0.46400000,144.39680000,1680654401296,False,True
202700292,311.20000000,0.08000000,24.89600000,1680654403273,False,True
202700293,311.20000000,0.08000000,24.89600000,1680654403310,False,True
202700294,311.10000000,1.90000000,591.09000000,1680654405636,True,True
202700295,311.10000000,0.86400000,268.79040000,1680654409206,True,True
202700296,311.10000000,0.09500000,29.55450000,1680654409208,True,True
202700297,311.20000000,1.16000000,360.99200000,1680654413577,False,True
202700298,311.20000000,1.17000000,364.10400000,1680654413577,False,True
202700299,311.20000000,1.20000000,373.44000000,1680654413577,False,True
202700300,311.20000000,5.30400000,1650.60480000,1680654413577,False,True
202700301,311.20000000,0.35600000,110.78720000,1680654420145,False,True
202700302,311.20000000,0.03700000,11.51440000,1680654438920,False,True
202700303,311.20000000,0.06100000,18.98320000,1680654438920,False,True
202700304,311.10000000,0.25700000,79.95270000,1680654441047,True,True
202700305,311.10000000,0.06400000,19.91040000,1680654441049,True,True
202700306,311.10000000,0.32200000,100.17420000,1680654450166,True,True
202700307,311.20000000,0.33700000,104.87440000,1680654452096,False,True
202700308,311.20000000,0.06100000,18.98320000,1680654460836,False,True
202700309,311.10000000,0.05000000,15.55500000,1680654467841,True,True
202700310,311.20000000,0.34200000,106.43040000,1680654490708,False,True
202700311,311.20000000,0.08000000,24.89600000,1680654490938,False,True
202700312,311.20000000,0.13100000,40.76720000,1680654493477,False,True
202700313,311.20000000,0.07800000,24.27360000,1680654494358,False,True
202700314,311.20000000,0.11600000,36.09920000,1680654511038,False,True
202700315,311.20000000,0.25900000,80.60080000,1680654511912,False,True
202700316,311.20000000,0.09800000,30.49760000,1680654516232,False,True
202700317,311.20000000,0.08000000,24.89600000,1680654517953,False,True
202700318,311.20000000,0.97100000,302.17520000,1680654519289,False,True
202700319,311.20000000,1.04300000,324.58160000,1680654519290,False,True
202700320,311.20000000,0.39100000,121.67920000,1680654519459,False,True
202700321,311.20000000,0.30600000,95.22720000,1680654519791,False,True
202700322,311.20000000,0.31400000,97.71680000,1680654519792,False,True
202700323,311.20000000,0.02900000,9.02480000,1680654519792,False,True
202700324,311.20000000,0.08000000,24.89600000,1680654522478,False,True
202700325,311.20000000,0.08000000,24.89600000,1680654522629,False,True
202700326,311.20000000,0.08300000,25.82960000,1680654525487,False,True
202700327,311.20000000,0.03800000,11.82560000,1680654527178,False,True
202700328,311.20000000,0.06500000,20.22800000,1680654527178,False,True
202700329,311.20000000,0.00700000,2.17840000,1680654541926,False,True
202700330,311.20000000,1.25200000,389.62240000,1680654541926,False,True
202700331,311.10000000,1.38300000,430.25130000,1680654546966,True,True
202700332,311.00000000,0.17900000,55.66900000,1680654546966,True,True
202700333,311.10000000,0.17300000,53.82030000,1680654547591,False,True
202700334,311.00000000,0.06900000,21.45900000,1680654553219,True,True
202700335,311.10000000,0.05300000,16.48830000,1680654556513,False,True
202700336,311.10000000,0.06700000,20.84370000,1680654566979,False,True
202700337,311.00000000,0.07100000,22.08100000,1680654583771,True,True
202700338,311.10000000,0.08700000,27.06570000,1680654600855,False,True
202700339,311.10000000,0.10400000,32.35440000,1680654602345,False,True
202700340,311.10000000,0.32200000,100.17420000,1680654604183,False,True
202700341,311.10000000,0.07800000,24.26580000,1680654605176,False,True
202700342,311.00000000,0.50000000,155.50000000,1680654605353,True,True
202700343,311.00000000,0.18100000,56.29100000,1680654605353,True,True
202700344,311.10000000,0.08000000,24.88800000,1680654611378,False,True
202700345,311.10000000,0.08000000,24.88800000,1680654611459,False,True
202700346,311.10000000,0.43600000,135.63960000,1680654611719,False,True
202700347,311.10000000,0.04900000,15.24390000,1680654611728,False,True
202700348,311.10000000,0.05000000,15.55500000,1680654611729,False,True
202700349,311.10000000,0.25600000,79.64160000,1680654612932,False,True
202700350,311.10000000,0.19600000,60.97560000,1680654612932,False,True
202700351,311.10000000,0.39600000,123.19560000,1680654612935,False,True
202700352,311.10000000,0.08000000,24.88800000,1680654612956,False,True
202700353,311.10000000,0.08000000,24.88800000,1680654613091,False,True
202700354,311.10000000,0.08000000,24.88800000,1680654613123,False,True
202700355,311.10000000,0.11400000,35.46540000,1680654613436,False,True
202700356,311.10000000,0.10700000,33.28770000,1680654613439,False,True
202700357,311.10000000,0.08000000,24.88800000,1680654613857,False,True
202700358,311.10000000,0.08000000,24.88800000,1680654613881,False,True
202700359,311.10000000,1.84700000,574.60170000,1680654614624,False,True
202700360,311.10000000,1.69700000,527.93670000,1680654614624,False,True
202700361,311.10000000,0.08000000,24.88800000,1680654632561,False,True
202700362,311.10000000,0.08100000,25.19910000,1680654645164,False,True
202700363,311.10000000,0.08100000,25.19910000,1680654647058,False,True
202700364,311.10000000,0.46700000,145.28370000,1680654662312,False,True
202700365,311.00000000,0.25700000,79.92700000,1680654664817,True,True
202700366,311.00000000,0.06400000,19.90400000,1680654664819,True,True
202700367,311.00000000,0.18300000,56.91300000,1680654664834,True,True
202700368,311.00000000,0.18300000,56.91300000,1680654664835,True,True
202700369,311.00000000,0.18300000,56.91300000,1680654664835,True,True
202700370,311.00000000,0.18300000,56.91300000,1680654664835,True,True
202700371,311.00000000,0.12200000,37.94200000,1680654664836,True,True
202700372,311.00000000,0.12200000,37.94200000,1680654664836,True,True
202700373,311.00000000,0.65300000,203.08300000,1680654664836,True,True
202700374,311.00000000,0.44700000,139.01700000,1680654664836,True,True
202700375,311.00000000,0.12200000,37.94200000,1680654664837,True,True
202700376,311.00000000,0.12200000,37.94200000,1680654664837,True,True
202700377,311.00000000,0.12200000,37.94200000,1680654664838,True,True
202700378,311.10000000,0.08000000,24.88800000,1680654676021,False,True
202700379,311.10000000,0.24700000,76.84170000,1680654677185,False,True
202700380,311.10000000,0.30000000,93.33000000,1680654677186,False,True
202700381,311.10000000,0.04500000,13.99950000,1680654677188,False,True
202700382,311.10000000,0.02900000,9.02190000,1680654677188,False,True
202700383,311.10000000,3.83900000,1194.31290000,1680654677223,False,True
202700384,311.10000000,1.20000000,373.32000000,1680654677223,False,True
202700385,311.10000000,0.08900000,27.68790000,1680654677223,False,True
202700386,311.10000000,0.38700000,120.39570000,1680654677223,False,True
202700387,311.10000000,0.04200000,13.06620000,1680654677460,False,True
202700388,311.10000000,0.05900000,18.35490000,1680654677461,False,True
202700389,311.10000000,0.28400000,88.35240000,1680654677526,False,True
202700390,311.20000000,0.10000000,31.12000000,1680654677526,False,True
202700391,311.20000000,0.15600000,48.54720000,1680654677668,False,True
202700392,311.10000000,0.25700000,79.95270000,1680654681139,True,True
202700393,311.10000000,0.06400000,19.91040000,1680654681141,True,True
202700394,311.10000000,0.63900000,198.79290000,1680654681254,True,True
202700395,311.20000000,0.22600000,70.33120000,1680654683908,False,True
202700396,311.20000000,0.29600000,92.11520000,1680654685842,False,True
202700397,311.20000000,0.19000000,59.12800000,1680654687418,False,True
202700398,311.20000000,0.09900000,30.80880000,1680654687450,False,True
202700399,311.20000000,0.30900000,96.16080000,1680654688709,False,True
202700400,311.20000000,0.50000000,155.60000000,1680654693207,False,True
202700401,311.20000000,0.03500000,10.89200000,1680654693881,False,True
202700402,311.20000000,0.14600000,45.43520000,1680654693898,False,True
202700403,311.20000000,1.00300000,312.13360000,1680654694103,False,True
202700404,311.20000000,1.22300000,380.59760000,1680654694103,False,True
202700405,311.20000000,1.14900000,357.56880000,1680654694103,False,True
202700406,311.20000000,1.14100000,355.07920000,1680654694103,False,True
202700407,311.20000000,1.25800000,391.48960000,1680654694103,False,True
202700408,311.20000000,0.99900000,310.88880000,1680654694103,False,True
202700409,311.20000000,0.81000000,252.07200000,1680654694103,False,True
202700410,311.20000000,0.52100000,162.13520000,1680654694712,False,True
202700411,311.20000000,0.00100000,0.31120000,1680654694797,False,True
202700412,311.20000000,0.21600000,67.21920000,1680654694797,False,True
202700413,311.30000000,0.17600000,54.78880000,1680654696805,False,True
202700414,311.20000000,5.68900000,1770.41680000,1680654698243,True,True
202700415,311.20000000,3.03600000,944.80320000,1680654698243,True,True
202700416,311.20000000,6.02800000,1875.91360000,1680654698243,True,True
202700417,311.20000000,0.76800000,239.00160000,1680654698243,True,True
202700418,311.10000000,2.03200000,632.15520000,1680654698243,True,True
202700419,311.20000000,0.61000000,189.83200000,1680654699230,True,True
202700420,311.30000000,2.00300000,623.53390000,1680654702908,False,True
202700421,311.30000000,0.08400000,26.14920000,1680654703678,False,True
202700422,311.30000000,0.81700000,254.33210000,1680654704221,False,True
202700423,311.30000000,0.24600000,76.57980000,1680654704221,False,True
202700424,311.30000000,0.10300000,32.06390000,1680654712346,False,True
202700425,311.20000000,5.07700000,1579.96240000,1680654713243,True,True
202700426,311.20000000,0.71900000,223.75280000,1680654713243,True,True
202700427,311.20000000,2.94500000,916.48400000,1680654713243,True,True
202700428,311.20000000,0.78700000,244.91440000,1680654713243,True,True
202700429,311.20000000,0.60500000,188.27600000,1680654713351,False,True
202700430,311.20000000,5.08200000,1581.51840000,1680654713375,False,True
202700431,311.20000000,0.82000000,255.18400000,1680654713483,True,True
202700432,311.30000000,0.85600000,266.47280000,1680654713601,False,True
202700433,311.30000000,1.23700000,385.07810000,1680654713601,False,True
202700434,311.30000000,1.22800000,382.27640000,1680654713601,False,True
202700435,311.30000000,0.04000000,12.45200000,1680654713601,False,True
202700436,311.30000000,0.50000000,155.65000000,1680654713601,False,True
202700437,311.30000000,4.48400000,1395.86920000,1680654713601,False,True
202700438,311.30000000,2.41600000,752.10080000,1680654713942,False,True
202700439,311.30000000,1.51200000,470.68560000,1680654713942,False,True
202700440,311.30000000,0.19300000,60.08090000,1680654713942,False,True
202700441,311.30000000,0.19800000,61.63740000,1680654715077,False,True
202700442,311.30000000,0.22200000,69.10860000,1680654716379,False,True
202700443,311.30000000,0.61300000,190.82690000,1680654716379,False,True
202700444,311.30000000,1.69200000,526.71960000,1680654716379,False,True
202700445,311.30000000,5.68700000,1770.36310000,1680654716472,False,True
202700446,311.30000000,1.06200000,330.60060000,1680654718098,False,True
202700447,311.30000000,0.49500000,154.09350000,1680654718148,False,True
202700448,311.30000000,0.46400000,144.44320000,1680654718148,False,True
202700449,311.30000000,0.03600000,11.20680000,1680654718230,False,True
202700450,311.30000000,0.04800000,14.94240000,1680654718230,False,True
202700451,311.30000000,1.14500000,356.43850000,1680654718432,False,True
202700452,311.30000000,1.26000000,392.23800000,1680654719420,False,True
202700453,311.30000000,2.11100000,657.15430000,1680654720689,False,True
202700454,311.30000000,2.11100000,657.15430000,1680654720690,False,True
202700455,311.40000000,0.70700000,220.15980000,1680654721046,False,True
202700456,311.40000000,0.29300000,91.24020000,1680654721223,False,True
202700457,311.40000000,0.60000000,186.84000000,1680654721223,False,True
202700458,311.40000000,0.30000000,93.42000000,1680654721223,False,True
202700459,311.40000000,0.06800000,21.17520000,1680654721223,False,True
202700460,311.40000000,0.15200000,47.33280000,1680654721223,False,True
202700461,311.40000000,0.03700000,11.52180000,1680654721223,False,True
202700462,311.40000000,0.05700000,17.74980000,1680654721223,False,True
202700463,311.40000000,0.10000000,31.14000000,1680654721223,False,True
202700464,311.40000000,0.20000000,62.28000000,1680654721223,False,True
202700465,311.40000000,0.06800000,21.17520000,1680654721223,False,True
202700466,311.40000000,0.03400000,10.58760000,1680654721223,False,True
202700467,311.40000000,0.05400000,16.81560000,1680654721223,False,True
202700468,311.40000000,0.20000000,62.28000000,1680654721223,False,True
202700469,311.40000000,0.07700000,23.97780000,1680654721223,False,True
202700470,311.40000000,0.07000000,21.79800000,1680654721223,False,True
202700471,311.40000000,0.03600000,11.21040000,1680654721223,False,True
202700472,311.40000000,0.10800000,33.63120000,1680654721223,False,True
202700473,311.40000000,0.35800000,111.48120000,1680654721223,False,True
202700474,311.40000000,1.37900000,429.42060000,1680654721223,False,True
202700475,311.40000000,12.16200000,3787.24680000,1680654721228,False,True
202700476,311.40000000,0.31700000,98.71380000,1680654721278,False,True
202700477,311.40000000,0.91200000,283.99680000,1680654721727,False,True
202700478,311.40000000,2.96100000,922.05540000,1680654721738,False,True
202700479,311.40000000,2.46400000,767.28960000,1680654721757,False,True
202700480,311.40000000,1.99800000,622.17720000,1680654721779,False,True
202700481,311.40000000,7.80700000,2431.09980000,1680654721783,False,True
202700482,311.40000000,0.43300000,134.83620000,1680654721783,False,True
202700483,311.40000000,0.22800000,70.99920000,1680654721783,False,True
202700484,311.40000000,0.63900000,198.98460000,1680654721783,False,True
202700485,311.40000000,2.45000000,762.93000000,1680654721783,False,True
202700486,311.40000000,0.67500000,210.19500000,1680654721783,False,True
202700487,311.50000000,0.19000000,59.18500000,1680654721989,False,True
202700488,311.50000000,0.23700000,73.82550000,1680654722337,False,True
202700489,311.50000000,4.98400000,1552.51600000,1680654722429,False,True
202700490,311.50000000,0.12700000,39.56050000,1680654722429,False,True
202700491,311.50000000,1.00000000,311.50000000,1680654722429,False,True
202700492,311.50000000,0.11000000,34.26500000,1680654722429,False,True
202700493,311.50000000,0.30000000,93.45000000,1680654722429,False,True
202700494,311.50000000,0.20000000,62.30000000,1680654722429,False,True
202700495,311.50000000,0.25400000,79.12100000,1680654722429,False,True
202700496,311.50000000,0.05000000,15.57500000,1680654722591,False,True
202700497,311.50000000,0.07600000,23.67400000,1680654722667,False,True
202700498,311.50000000,0.22000000,68.53000000,1680654722838,False,True
202700499,311.50000000,0.50000000,155.75000000,1680654722838,False,True
202700500,311.50000000,0.04400000,13.70600000,1680654722838,False,True
202700501,311.50000000,0.05200000,16.19800000,1680654722838,False,True
202700502,311.50000000,0.20000000,62.30000000,1680654722838,False,True
202700503,311.50000000,0.03600000,11.21400000,1680654722838,False,True
202700504,311.50000000,0.15500000,48.28250000,1680654722838,False,True
202700505,311.50000000,0.06500000,20.24750000,1680654722838,False,True
202700506,311.50000000,0.06700000,20.87050000,1680654722838,False,True
202700507,311.50000000,0.42400000,132.07600000,1680654722838,False,True
202700508,311.50000000,2.38000000,741.37000000,1680654723092,False,True
202700509,311.50000000,0.85200000,265.39800000,1680654723113,False,True
202700510,311.50000000,0.32200000,100.30300000,1680654723167,False,True
202700511,311.50000000,0.06800000,21.18200000,1680654723233,False,True
202700512,311.50000000,0.26600000,82.85900000,1680654723233,False,True
202700513,311.50000000,5.76200000,1794.86300000,1680654723335,False,True
202700514,311.50000000,7.23800000,2254.63700000,1680654723335,False,True
202700515,311.50000000,0.54900000,171.01350000,1680654723389,False,True
202700516,311.50000000,0.91100000,283.77650000,1680654723389,False,True
202700517,311.60000000,0.08900000,27.73240000,1680654723406,False,True
202700518,311.60000000,0.20000000,62.32000000,1680654723967,False,True
202700519,311.60000000,0.10000000,31.16000000,1680654723967,False,True
202700520,311.60000000,0.05900000,18.38440000,1680654724225,False,True
202700521,311.60000000,0.14100000,43.93560000,1680654724284,False,True
202700522,311.60000000,0.47200000,147.07520000,1680654724284,False,True
202700523,311.60000000,0.52800000,164.52480000,1680654724284,False,True
202700524,311.60000000,0.59200000,184.46720000,1680654724284,False,True
202700525,311.60000000,0.00800000,2.49280000,1680654724284,False,True
202700526,311.60000000,0.03700000,11.52920000,1680654724284,False,True
202700527,311.60000000,0.03300000,10.28280000,1680654724284,False,True
202700528,311.60000000,0.03500000,10.90600000,1680654724284,False,True
202700529,311.60000000,0.20000000,62.32000000,1680654724284,False,True
202700530,311.60000000,0.04100000,12.77560000,1680654724284,False,True
202700531,311.60000000,0.06100000,19.00760000,1680654724284,False,True
202700532,311.60000000,0.06800000,21.18880000,1680654724284,False,True
202700533,311.60000000,0.13000000,40.50800000,1680654724284,False,True
202700534,311.70000000,0.04000000,12.46800000,1680654724760,False,True
202700535,311.70000000,0.15900000,49.56030000,1680654724760,False,True
202700536,311.70000000,0.44100000,137.45970000,1680654725151,False,True
202700537,311.70000000,0.30000000,93.51000000,1680654725151,False,True
202700538,311.70000000,1.00000000,311.70000000,1680654725151,False,True
202700539,311.70000000,0.20000000,62.34000000,1680654725151,False,True
202700540,311.70000000,0.03300000,10.28610000,1680654725151,False,True
202700541,311.70000000,0.08200000,25.55940000,1680654725151,False,True
202700542,311.70000000,0.08500000,26.49450000,1680654725151,False,True
202700543,311.70000000,0.11500000,35.84550000,1680654725153,False,True
202700544,311.70000000,0.04300000,13.40310000,1680654725153,False,True
202700545,311.70000000,0.07700000,24.00090000,1680654725153,False,True
202700546,311.70000000,0.03300000,10.28610000,1680654725153,False,True
202700547,311.70000000,1.05400000,328.53180000,1680654725153,False,True
202700548,311.70000000,0.03400000,10.59780000,1680654725153,False,True
202700549,311.70000000,0.03600000,11.22120000,1680654725153,False,True
202700550,311.70000000,0.61300000,191.07210000,1680654725153,False,True
202700551,311.70000000,0.64200000,200.11140000,1680654725157,False,True
202700552,311.70000000,1.04900000,326.97330000,1680654725157,False,True
202700553,311.70000000,0.63900000,199.17630000,1680654725157,False,True
202700554,311.70000000,0.43300000,134.96610000,1680654725157,False,True
202700555,311.70000000,0.22800000,71.06760000,1680654725157,False,True
202700556,311.70000000,1.20600000,375.91020000,1680654725157,False,True
202700557,311.70000000,0.02400000,7.48080000,1680654725158,False,True
202700558,311.80000000,1.00000000,311.80000000,1680654725327,False,True
202700559,311.80000000,0.30000000,93.54000000,1680654725327,False,True
202700560,311.80000000,0.60000000,187.08000000,1680654725327,False,True
202700561,311.80000000,0.20000000,62.36000000,1680654725327,False,True
202700562,311.80000000,0.03500000,10.91300000,1680654725327,False,True
202700563,311.80000000,0.03600000,11.22480000,1680654725327,False,True
202700564,311.80000000,0.03400000,10.60120000,1680654725327,False,True
202700565,311.80000000,0.03600000,11.22480000,1680654725327,False,True
202700566,311.80000000,0.11600000,36.16880000,1680654725327,False,True
202700567,311.80000000,0.13900000,43.34020000,1680654725327,False,True
202700568,311.80000000,0.20000000,62.36000000,1680654725327,False,True
202700569,311.80000000,0.09600000,29.93280000,1680654725327,False,True
